@article{Mendel_1866, title={Versuche über Pflanzen-Hybriden}, journal={Verh. Naturforsch. Ver. Brünn}, volume={4}, pages={3-47}, author={Mendel, G}, year={1866}}
@article{Morgan_1915, title={The Mechanism of Mendelian Heredity}, author={Morgan, TH and Sturtevant, AH and Muller HJ and Bridges CB}, year={1915}, journal={Henry Holt, New York}}
@article{Watson_1953, title={Molecular Structure of Nucleic Acids: A Structure for Deoxyribose Nucleic Acid}, volume={171}, number={4356}, journal={Nature}, publisher={Springer Nature}, author={Watson, JD and Crick, FHC}, year={1953}, month={Apr}, pages={737–738}}
@article{Lander_2001, title={Initial sequencing and analysis of the human genome}, volume={409}, number={6822}, journal={Nature}, author={Lander, ES and Linton, LM and Birren, B and Nusbaum, C and Zody, MC and et al.}, year={2001}, month={Feb}, pages={860–921}}
@article{Sanger_1977, title={DNA sequencing with chain-terminating inhibitors}, volume={74}, number={12}, journal={Proc Natl Acad Sci U S A.}, author={Sanger, F and Nicklen, S and Coulson, AR}, year={1977}, month={December}, pages={5463–5467}}
@article{Franklin_1953, title={Molecular Configuration in Sodium Thymonucleate}, volume={171}, number={4356}, journal={Nature}, author={Franklin, RE and Gosling, RG}, year={1953}, month={Apr}, pages={740–741}}
@article{Saiki_1988, title={Primer-directed enzymatic amplification of DNA with a thermostable DNA polymerase}, volume={239}, number={4839}, author={Saiki, R and Gelfand, D and Stoffel, S and Scharf, S and Higuchi, R and et al.}, year={1988}, month={Jan}, pages={487–491}}
@article{Saiki_1985, title={Enzymatic amplification of beta-globin genomic sequences and restriction site analysis for diagnosis of sickle cell anemia}, volume={230}, number={4732}, journal={Science}, author={Saiki, R and Scharf, S and Faloona, F and Mullis, K and Horn, G and et al}, year={1985}, month={Dec}, pages={1350–1354}}
@article{Schneider_1873, title={Untersuchungen über Plathelminthen}, journal={Jahresberichte der Oberhessischen Gesellschaft für Natur- und Heilkunde in Gießen}, volume={14}, pages={69-140}, author={Schneider, A}, year={1873}}
@book{Flemming_1882, title={Zellsubstanz, Kern und Zelltheilung}, author={Flemming, W}, year={1882}, publisher={F.C.W. Vogel},address={Leipzig}}
@article{Sutton_1902, title={On the morphology of the chromosome group in Brachystola magna}, journal={Biological Bulletin}, volume={4}, pages={24-39}, author={Sutton, WS}, year={1902}}
@article{Cremer_2006, title={Rise, fall and resurrection of chromosome territories: A historical perspective. Part I. The rise of chromosome territories}, journal={Eur. J. Histochem}, volume={50(3)}, pages={161-176}, author={Cremer, T and Cremer, C}, year={2006}}
@article{Goodwin_2016, title={Coming of age: ten years of next-generation sequencing technologies}, volume={17}, number={6}, author={Goodwin, S and McPherson, JD and McCombie, WR}, year={2016}, month={Jun}, pages={333–351}}
@article{Waldeyer_1888, title={Über Karyokinese und ihre Beziehung zu den Befruchtungsvorgängen}, journal={Archiv für mikroskopische Anatomie}, volume={32}, pages={1-122}, author={Waldeyer, W}, year={1888}}
@book{Weismann_1892, title={Das Keimplasma. Eine Theorie der Vererbung}, author={Weismann, A}, year={1892}, publisher={Gustav Fischer},address={Jena}}
@article{Crow_2002, title={100 years ago: Walter Sutton and the chromosome theory of heredity}, journal={Genetics}, volume={160}, pages={1-4}, author={Crow, EW and Crow, JF}, year={2002}}
@book{Boveri_1904, title={Ergebnisse über die Konstitution der chromatischen Substanz des Zellkerns}, author={Boveri, T}, year={1904}, publisher={Gustav Fischer},address={Jena}}
@article{Boveri_1909, title={Die Blastomerenkerne von Ascaris megalocephala und die Theorie der Chromosomenindividualität.}, journal={Arch Zellforsch}, volume={3}, pages={181-268}, author={Boveri, T}, year={1909}}
@article{Keynes_2008, title={William Bateson, the rediscoverer of Mendel}, volume={101}, ISSN={1758-1095}, number={3}, journal={Journal of the Royal Society of Medicine}, author={Keynes, M and Cox, TM}, year={2008}, month={Mar}, pages={104–104}}
@article{Bateson_1906, title={Further experiments on inheritance in sweet peas and stocks: preliminary account}, journal={Proceedings of the Royal Society of London. Series B, Containing Papers of a Biological Character}, volume={77(517)}, pages={236-238}, author={Bateson, W and Saunders, ER and Punnett, RC}, year={1906}}
@article{Lobo_2008, title={Discovery and types of genetic linkage}, journal={Nature Education}, volume={1(1)}, pages={139}, author={Lobo, I and Shaw, K}, year={2008}}
@article{Morgan_1911, title={Random segregation versus coupling in mendelian inheritance}, volume={34}, number={873}, journal={Science}, author={Morgan, TH}, year={1911}, month={Sep}, pages={384–384}}
@article{Lejeune_1959, title={Les chromosomes humains en culture de tissus}, journal={C. R. Acad. Sci}, volume={248}, pages={602-903}, author={Lejeune, J and Gauthier, M and Turpin, R}, year={1959}}
@article{Nowell_1960, title={A minute chromosome in human chronic granulocytic leukemia}, journal={Science}, volume={142}, pages={1497}, author={Nowell, PC and Hungerford, DA}, year={1960}}
@article{Rowley_1973, title={A new consistent chromosomal abnormality in chronic myelogenous leukaemia identified by quinacrine fluorescence and Giemsa staining}, journal={Nature}, volume={243}, pages={290-293}, author={Rowley, JD}, year={1973}}
@article{Wilkins_1953, title={Molecular Structure of Nucleic Acids: Molecular Structure of Deoxypentose Nucleic Acids}, volume={171}, number={4356}, journal={Nature}, author={Wilkins, MHF and Stokes, AR and Wilson, HR}, year={1953}, month={Apr}, pages={738–740}}
@article{Crick_1961, title={General Nature of the Genetic Code for Proteins}, volume={192}, number={4809}, journal={Nature}, author={Crick, FHC and Barnett, L and Brenner, S and Watts-Tobin, RJ}, year={1961}, month={Dec}, pages={1227–1232}}
@article{Yanofsky_2007, title={Establishing the Triplet Nature of the Genetic Code}, volume={128}, number={5}, journal={Cell}, author={Yanofsky, C}, year={2007}, month={Mar}, pages={815–818}}
@article{Sanger_1975, title={A rapid method for determining sequences in DNA by primed synthesis with DNA polymerase}, journal={Journal of Molecular Biology}, volume={94(3)}, pages={441-448}, author={Sanger, F and Coulson, AR}, year={1975}}
@article{Gusella_1983, title={A polymorphic DNA marker genetically linked to Huntington’s disease}, volume={306}, number={5940}, journal={Nature}, author={Gusella, JF and Wexler, NS and Conneally, PM and Naylor, SL and Anderson, MA and et al.}, year={1983}, month={Nov}, pages={234–238}}
@article{Mardis_2013, title={Next-Generation Sequencing Platforms}, volume={6}, number={1}, journal={Annual Review of Analytical Chemistry}, author={Mardis, ER}, year={2013}, month={Jun}, pages={287–303}}
@article{Abecasis_2010, title={A map of human genome variation from population-scale sequencing}, volume={467}, number={7319}, journal={Nature}, author={Durbin, RM and Altshuler, DL and Durbin, RM and Abecasis, GR and Bentley, DR and et al.}, year={2010}, month={Oct}, pages={1061–1073}}
@article{Redon_2006, title={Global variation in copy number in the human genome}, volume={444}, number={7118}, journal={Nature}, author={Redon, R and Ishikawa, S and Fitch, KR and Feuk, L and Perry, GH and et al.}, year={2006}, month={Nov}, pages={444–454}}
@article{den_Dunnen_2016, title={HGVS Recommendations for the Description of Sequence Variants: 2016 Update}, volume={37}, number={6}, journal={Human Mutation}, author={den Dunnen, JT and Dalgleish, R and Maglott, DR and Hart, RK and Greenblatt, MS and et al.}, year={2016}, month={Mar}, pages={564–569}}
@article{Hanemaaijer_2012, title={Practical guidelines for interpreting copy number gains detected by high-resolution array in routine diagnostics}, volume={20}, number={2}, journal={European Journal of Human Genetics}, author={Hanemaaijer, NM and Sikkema-Raddatz, B and van der Vries, G and Dijkhuizen, T and Hordijk, R and and et al.}, year={2012}, month={Sep}, pages={161–165}}
@article{Kang_2010, title={Insertional translocation detected using FISH confirmation of array-comparative genomic hybridization (aCGH) results}, volume={152A}, number={5}, journal={American Journal of Medical Genetics Part A}, author={Kang, S-HL. and Shaw, C and Ou, Z and Eng, PA and Cooper, ML and et al.}, year={2010}, month={May}, pages={1111–1126}}
@article{Sudmant_2015, title={An integrated map of structural variation in 2,504 human genomes}, volume={526}, number={7571}, journal={Nature}, publisher={Springer Nature}, author={Sudmant, PH and Rausch, T and Gardner, EJ and Handsaker, RE and Abyzov, A and et al.}, year={2015}, month={Sep}, pages={75–81}}
@article{Maithripala_2017, title={Prevalence and Treatment Choices for Couples with Recurrent Pregnancy Loss Due to Structural Chromosomal Anomalies}, journal={Journal of Obstetrics and Gynaecology Canada}, author={Maithripala, S and Durland, U and Havelock, J and Kashyap, S and Hitkari, J and et al.}, year={2017}, month={Dec}}
@article{Robertson_1916, title={Chromosome studies. I. Taxonomic relationships shown in the chromosomes of tettigidae and acrididae: V-shaped chromosomes and their significance in acrididae, locustidae, and gryllidae: Chromosomes and variation}, volume={27}, number={2}, journal={Journal of Morphology}, author={Robertson, WRB}, year={1916}, month={Jun}, pages={179–331}}
@article{Simioni_2017, title={Genomic Investigation of Balanced Chromosomal Rearrangements in Patients with Abnormal Phenotypes}, volume={8}, number={4}, journal={Molecular Syndromology}, author={Simioni, M and Artiguenave, F and Meyer, V and Sgardioli, IC and Viguetti-Campos, NL and et al.}, year={2017}, pages={187–194}}
@article{Hamerton_1972, title={Paris conference (1971): Standardization in Human Cytogenetics}, journal={Cytogenetics}, volume={11}, pages={313-362}, author={Hamerton, JL and Jacobs, PA}, year={1972}}
@article{Levsky_2003, title={Fluorescence in situ hybridization: past, present and future}, volume={116}, number={14}, journal={Journal of Cell Science}, author={Levsky, JM}, year={2003}, month={Jul}, pages={2833–2838}}
@article{Gall_1969, title={Formation and Detection of RNA-DNA Hybrid Molecules in Cytological Preparations}, journal={Proc Natl Acad Sci U S A}, volume={63(2)}, pages={378-83}, author={Gall, JG and Pardue ML}, year={1969}}
@article{Bauman_1980, title={A new method for fluorescence microscopical localization of specific DNA sequences by in situ hybridization of fluorochrome-labelled RNA}, journal={Exp. Cell Res.}, volume={128(2)}, pages={485-490}, author={Bauman, JGJ and Wiegant, J and Borst, P and van Duijn, P}, year={1980}}
@article{Raap_1996, title={Fiber FISH as a DNA mapping tool}, journal={Methods}, volume={9(1)}, pages={67-73}, author={Raap, AK and Florijn, RJ and Blonden, LAJ and Wiegant, J and Vaandrager, JW and et al.}, year={1996}}
@article{Tjio_1956, title={The Chromosome Number of Man}, journal={Hereditas}, volume={42(1-2)}, pages={1-5}, author={Tjio, JH and Levan A}, year={1956}}
@article{Kallioniemi_1992, title={Comparative Genomic Hybridization for Molecular Cytogenetic Analysis of Solid Tumors}, journal={Science}, volume={258(5083)}, pages={818-821}, author={Kallioniemi, A and Kallioniemi, O-P and Sudar, D  and Rutovitz, D and Gray, JW and et al.}, year={1992}}
@article{Schouten_2002, title={Relative quantification of 40 nucleic acid sequences by multiplex ligation-dependent probe amplification}, journal={Nucleic Acids Res.}, volume={30(12)}, pages={e57}, author={Schouten, JP and McElgunn, CJ and Waaijer, R and Zwijnenburg, D and Pals, G}, year={2002}}
@article{Hixson_1990, title={Restriction isotyping of human apolipoprotein E by gene amplification and cleavage with HhaI}, journal={J. Lipid Res.}, volume={31(3)}, pages={545-548}, author={Hixon, JE and Vernier, DT}, year={1990}}
@article{Sikkema_1997, title={Probability Tables for Exclusion of Mosaicism In Prenatal Diagnosis}, journal={Prenat. Diagn.}, volume={17(2)}, pages={860-866}, author={Sikkema-Raddatz B and Castedo, S and te Meerman, GJ}, year={2009}}
@article{Heid_1996, title={Real time quantitative PCR}, journal={PCR Methods Appl.}, volume={6(10)}, pages={986-994}, author={Heid, CA and Stevens, J and Livak, KJ and Williams, PM}, year={1996}}
@article{Eggeling_1993, title={Rapid detection of trisomy 21 by quantitative PCR}, journal={Hum. Genet.}, volume={91}, pages={567-570}, author={von Eggeling, F and Freytag, M and Fahsold, R and Horsthemke, B and Claussen, U}, year={1993}}
@article{Pinkel_1998, title={High resolution analysis of DNA copy number variation using comparative genomic hybridization to microarrays}, volume={20}, number={2}, journal={Nature Genetics}, author={Pinkel, D and Segraves, R and Sudar, D and Clark, S and Poole, I and et al.}, year={1998}, month={Oct}, pages={207–211}}
@article{Wang_1998, title={Large-Scale Identification, Mapping, and Genotyping of Single-Nucleotide Polymorphisms in the Human Genome}, volume={280}, number={5366}, journal={Science}, author={Wang, DG}, year={1998}, month={May}, pages={1077–1082}}
@article{White_2013, title={Personhood: An Essential Characteristic of the Human Species}, volume={80}, number={1}, journal={The Linacre Quarterly}, author={White, FJ}, year={2013}, month={Jan}, pages={74–97}}
@article{Rozycka_2000, title={Rapid Detection of DNA Sequence Variants by Conformation-Sensitive Capillary Electrophoresis}, volume={70}, number={1}, journal={Genomics}, author={Rozycka, M and Collins, N and Stratton, MR and Wooster, R}, year={2000}, month={Nov}, pages={34–40}}
@article{Vossen_2009, title={High-Resolution Melting Analysis (HRMA)-More than just sequence variant screening}, volume={30}, number={6}, journal={Human Mutation}, author={Vossen, RHAM and Aten, E and Roos, A and den Dunnen, JT}, year={2009}, month={Jun}, pages={860–866}}
@article{Wolff_2007, title={Guidance for Fluorescence in Situ Hybridization Testing in Hematologic Disorders}, volume={9}, number={2}, journal={The Journal of Molecular Diagnostics}, author={Wolff, DJ and Bagg, A and Cooley, LD and Dewald, GW and Hirsch, BA and et al.}, year={2007}, month={Apr}, pages={134–143}}
@article{Hindson_2011, title={High-Throughput Droplet Digital PCR System for Absolute Quantitation of DNA Copy Number}, volume={83}, number={22}, journal={Analytical Chemistry}, author={Hindson, BJ and Ness, KD and Masquelier, DA and Belgrader, P and Heredia, NJ and et al.}, year={2011}, month={Nov}, pages={8604–8610}}
@article{Margulies_2005, title={Genome sequencing in microfabricated high-density picolitre reactors}, volume={437}, number={7057}, journal={Nature}, author={Margulies, M and Egholm, M and Altman, WE and Attiya, S and Bader, JS and et al.}, year={2005}, month={Jul}, pages={376–380}}
@article{Bentley_2008, title={Accurate whole human genome sequencing using reversible terminator chemistry}, volume={456}, number={7218}, journal={Nature}, author={Bentley, DR and Balasubramanian, S and Swerdlow, HP and Smith, GP and Milton, J and et al.}, year={2008}, month={Nov}, pages={53–59}}
@article{Rothberg_2011, title={An integrated semiconductor device enabling non-optical genome sequencing}, volume={475}, number={7356}, journal={Nature}, author={Rothberg, JM and Hinz, W and Rearick, TM and Schultz, J and Mileski, W and et al.}, year={2011}, month={Jul}, pages={348–352}}
@article{Eid_2009, title={Real-Time DNA Sequencing from Single Polymerase Molecules}, volume={323}, number={5910}, journal={Science}, author={Eid, J and Fehr, A and Gray, J and Luong, K and Lyle, J and et al.}, year={2009}, month={Jan}, pages={133–138}}
@article{Clarke_2009, title={Continuous base identification for single-molecule nanopore DNA sequencing}, volume={4}, number={4}, journal={Nature Nanotechnology}, author={Clarke, J and Wu, H-C and Jayasinghe, L and Patel, A and Reid, S and Bayley, H}, year={2009}, month={Feb}, pages={265–270}}
@article{Venter_2001, title={The Sequence of the Human Genome}, volume={291}, number={5507}, journal={Science}, author={Venter, JC}, year={2001}, month={Feb}, pages={1304–1351}}
@article{Coonrod_2012, title={Translating exome sequencing from research to clinical diagnostics}, volume={50}, number={7}, journal={Clinical Chemistry and Laboratory Medicine}, author={Coonrod, EM and Margraf, RL and Voelkerding, KV}, year={2012}, month={Jan}}
@article{de_Ligt_2012, title={Diagnostic Exome Sequencing in Persons with Severe Intellectual Disability}, volume={367}, number={20}, journal={New England Journal of Medicine}, author={de Ligt, J and Willemsen, MH and van Bon, BWM and Kleefstra, T and Yntema, HG and et al.}, year={2012}, month={Nov}, pages={1921–1929}}
@article{Gargis_2012, title={Assuring the quality of next-generation sequencing in clinical laboratory practice}, volume={30}, number={11}, journal={Nature Biotechnology}, author={Gargis, AS and Kalman, L and Berry, MW and Bick, DP and Dimmock, DP and et al.}, year={2012}, month={Nov}, pages={1033–1036}}
@article{Gilissen_2010, title={Exome Sequencing Identifies WDR35 Variants Involved in Sensenbrenner Syndrome}, volume={87}, number={3}, journal={The American Journal of Human Genetics}, author={Gilissen, C and Arts, HH and Hoischen, A and Spruijt, L and Mans, DA and et al.}, year={2010}, month={Sep}, pages={418–423}}
@article{Gilissen_2012, title={Disease gene identification strategies for exome sequencing}, volume={20}, number={5}, journal={European Journal of Human Genetics}, author={Gilissen, C and Hoischen, A and Brunner, HG and Veltman, JA}, year={2012}, month={Jan}, pages={490–497}}
@article{Gowrisankar_2010, title={Evaluation of Second-Generation Sequencing of 19 Dilated Cardiomyopathy Genes for Clinical Applications}, volume={12}, number={6}, journal={The Journal of Molecular Diagnostics}, author={Gowrisankar, S and Lerner-Ellis, JP and Cox, S and White, ET and Manion, M and et al.}, year={2010}, month={Nov}, pages={818–827}}
@article{Hoischen_2010, title={De novo mutations of SETBP1 cause Schinzel-Giedion syndrome}, volume={42}, number={6}, journal={Nature Genetics}, author={Hoischen, A and van Bon, BWM and Gilissen, C and Arts, P and van Lier, B and et al.}, year={2010}, month={May}, pages={483–485}}
@article{Jongbloed_2010, title={New clinical molecular diagnostic methods for congenital and inherited heart disease}, volume={5}, number={1}, journal={Expert Opinion on Medical Diagnostics}, author={Jongbloed, JDH and Pósafalvi, A and Kerstjens-Frederikse, WS and Sinke, RJ and van Tintelen, JP}, year={2010}, month={Dec}, pages={9–24}}
@article{Ng_2010, title={Exome sequencing identifies the cause of a mendelian disorder}, volume={42}, journal={Nature Genetics}, author={Ng, SB and Buckingham, KJ and Lee, C and Bigham, AW and Tabor, HK and et al.}, year={2009}, month={Nov}, pages={30–35}}
@article{Ng_2009, title={Targeted capture and massively parallel sequencing of 12 human exomes}, volume={461}, number={7261}, journal={Nature}, author={Ng, SB and Turner, EH and Robertson, PD and Flygare, SD and Bigham, AW and et al.}, year={2009}, month={Aug}, pages={272–276}}
@article{Norton_2012, title={Next-generation sequencing to identify genetic causes of cardiomyopathies}, volume={27}, number={3}, journal={Current Opinion in Cardiology}, author={Norton, N and Li, D and Hershberger, RE}, year={2012}, month={May}, pages={214–220}}
@article{Loman_2012, title={Performance comparison of benchtop high-throughput sequencing platforms}, volume={30}, number={5}, journal={Nature Biotechnology}, author={Loman NJ, and Misra, RV and Dallman, TJ and Constantinidou, C and Gharbia, SE and et al.}, year={2012}, month={Apr}, pages={434–439}}
@article{Vissers_2010, title={A de novo paradigm for mental retardation}, volume={42}, number={12}, journal={Nature Genetics}, author={Vissers, LELM and de Ligt, J and Gilissen, C and Janssen, I and Steehouwer, M and et al.}, year={2010}, month={Nov}, pages={1109–1112}}
@article{Herman_2012, title={Truncations of Titin Causing Dilated Cardiomyopathy}, volume={366}, number={7}, journal={New England Journal of Medicine}, author={Herman, DS and Lam, L and Taylor, MRG and Wang, L and Teekakirikul, P and et al.}, year={2012}, month={Feb},pages={619–628}}
@article{Posafalvi_2012, title={Clinical utility gene card for: Dilated Cardiomyopathy (CMD)}, volume={21}, number={10}, journal={European Journal of Human Genetics}, author={Posafalvi, A and Herkert, JC and Sinke, RJ and van den Berg, MP and Mogensen, J and et al.}, year={2012}, month={Dec}}
@article{Sulonen_2011, title={Comparison of solution-based exome capture methods for next generation sequencing}, volume={12}, number={9}, journal={Genome Biology}, author={Sulonen, A-M and Ellonen, P and Almusa, H and Lepistö, M and Eldfors, S and et al.}, year={2011}, pages={R94}}
@article{Valencia_2012, title={Assessment of Target Enrichment Platforms Using Massively Parallel Sequencing for the Mutation Detection for Congenital Muscular Dystrophy}, volume={14}, number={3}, journal={The Journal of Molecular Diagnostics}, author={Valencia, CA and Rhodenizer, D and Bhide, S and Chin, E and Littlejohn, MR and et al.}, year={2012}, month={May}, pages={233–246}}
@article{Voelkerding_2010, title={Next Generation Sequencing for Clinical Diagnostics-Principles and Application to Targeted Resequencing for Hypertrophic Cardiomyopathy}, volume={12}, number={5}, journal={The Journal of Molecular Diagnostics}, author={Voelkerding, KV and Dames, S and Durtschi, JD}, year={2010}, month={Sep}, pages={539–551}}
@article{Zhang_2012, title={Application of Next Generation Sequencing to Molecular Diagnosis of Inherited Diseases}, journal={Topics in Current Chemistry}, author={Zhang, W and Cui, H and Wong, L-JC}, year={2012}, pages={19–45}}
@book{Waerden_1957, title={Mathematische Statistik}, author={Van der Waerden, BL}, year={1957}, publisher={Springer Verlag},address={Göttingen: Heidelberg}}
@inproceedings{Byelas2013ScalingBF,  title={Scaling Bio-Analyses from Computational Clusters to Grids},  author={Byelas, H and Dijkstra, M and Neerincx, PBT and van Dijk, F and Kanterakis, A and et al.}, booktitle={IWSG},  year={2013}}
@online{Fromer_2012b,  author = {Fromer, M and Purcell, S},   title = {XHMM},   year = {2012, Online: http://atgu.mgh.harvard.edu/xhmm/tutorial.shtml. visited on 11 february 2018},  url = {http://atgu.mgh.harvard.edu/xhmm/tutorial.shtml},  urldate = {2018-02-11}}
@online{Krumm_2012b,  author = {Krumm, N.},   title = {Conifer tutorial},   year = {n.d. Online: http://conifer.sourceforge.net/tutorial.html [2018-02-11]},  url = {http://conifer.sourceforge.net/tutorial.html},  urldate = {2018-02-11}}
@manual{MRC_Holland_2014, organization = {MRC Holland}, title = {MLPA DNA Protocol version MDP-005; last revised on September 22 2014}, number = {}, year = {2014}, month = {}, note = {}}
@online{Picard_nd,  author = {Picard},   title = {Picard},   year = {n.d. Online: http://broadinstitute.github.io/picard/ [2018-02-11]},  url = {http://broadinstitute.github.io/picard/},  urldate = {2018-02-11}}
@article{Aird_2011, title={Analyzing and minimizing PCR amplification bias in Illumina sequencing libraries}, volume={12}, number={2}, journal={Genome Biology}, author={Aird, D and Ross, MG and Chen, W-S and Danielsson, M and Fennell, T and et al.}, year={2011}, pages={R18}}
@online{Illumina_2011,  author = {Illumina Inc.},   title = {Quality Scores for Next-Generation Sequencing},   year = {2011 Online: https://www.illumina.com/documents/products/technotes/technote\_Q-Scores.pdf [2019-05-17]},  url = {https://www.illumina.com/documents/products/technotes/technote_Q-Scores.pdf},  urldate = {2019-05-17}}
@article{Aretz_2013, title={MUTYH-associated polyposis (MAP): evidence for the origin of the common European mutations p.Tyr179Cys and p.Gly396Asp by founder events}, volume={22}, number={7}, journal={European Journal of Human Genetics}, publisher={Springer Nature}, author={Aretz S and Tricarico R and Papi L and Spier I and Pin E and et al.}, year={2013}, month={Jan}, pages={923–929}}
@article{Esplin_2018, title={Secondary findings on virtual panels: opportunities, challenges, and potential for preventive medicine}, volume={21}, number={5}, journal={Genetics in Medicine}, author={Esplin, ED and Haverfield, E and Yang, S and Aradhya, S and Nussbaum, RL}, year={2018}, month={Sep}, pages={1250–1251}}
@article{Backenroth_2014, title={CANOES: detecting rare copy number variants from whole exome sequencing data}, volume={42}, number={12}, journal={Nucleic Acids Research}, author={Backenroth, D and Homsy, J and Murillo, LR and Glessner, J and Lin, E and et al.}, year={2014}, month={Apr}, pages={e97–e97}}
@article{Ebenazer_2013, title={Detection of large deletions in the VHL gene using a Real-Time PCR with SYBR Green}, volume={12}, number={3}, journal={Familial Cancer}, author={Ebenazer, A and Rajaratnam, S and Pai, R}, year={2013}, month={Feb}, pages={519–524}}
@article{Fromer_2012, title={Discovery and Statistical Genotyping of Copy-Number Variation from Whole-Exome Sequencing Depth}, volume={91}, number={4}, journal={The American Journal of Human Genetics}, author={Fromer, M and Moran, JL and Chambert, K and Banks, E and Bergen, SE and et al.}, year={2012}, month={Oct}, pages={597–607}}
@article{Gilissen_2014, title={Genome sequencing identifies major causes of severe intellectual disability}, volume={511}, number={7509}, journal={Nature}, author={Gilissen, C and Hehir-Kwa, JY and Thung, DT and van de Vorst, M and van Bon, BWM and et al.}, year={2014}, month={Jun}, pages={344–347}}
@article{Guo_2017, title={Corrigendum to “Comparative Study of Exome Copy Number Variation Estimation Tools Using Array Comparative Genomic Hybridization as Control”}, volume={2017}, journal={BioMed Research International}, author={Guo, Y and Sheng, Q and Samuels, DC and Lehmann, B and Bauer, JA}, year={2017}, pages={1–1}}
@article{Jiang_2015, title={CODEX: a normalization and copy number variation detection method for whole exome sequencing}, volume={43}, number={6}, journal={Nucleic Acids Research}, author={Jiang, Y and Oldridge, DA and Diskin, SJ and Zhang, NR}, year={2015}, month={Jan}, pages={e39–e39}}
@article{Krumm_2012, title={Copy number variation detection and genotyping from exome sequence data}, volume={22}, number={8}, journal={Genome Research}, author={Krumm, N and Sudmant, PH and Ko, A and O’Roak, BJ and Malig, M and et al.} , year={2012}, month={May}, pages={1525–1532}}
@article{Li_2010, title={Fast and accurate long-read alignment with Burrows–Wheeler transform}, volume={26}, number={5}, journal={Bioinformatics}, author={Li, H and Durbin, R}, year={2010}, month={Jan}, pages={589–595}}
@article{Li_2009, title={The Sequence Alignment/Map format and SAMtools}, volume={25}, number={16}, journal={Bioinformatics}, author={Li, H and Handsaker, B and Wysoker, A and Fennell, T and Ruan, J and et al.}, year={2009}, month={Jun}, pages={2078–2079}}
@article{Li_2012, title={CONTRA: copy number analysis for targeted resequencing}, volume={28}, number={10}, journal={Bioinformatics}, author={Li, J and Lupat, R and Amarasinghe, KC and Thompson, ER and Doyle, MA and et al.}, year={2012}, month={Apr}, pages={1307–1313}}
@article{Magi_2013, title={EXCAVATOR: detecting copy number variants from whole-exome sequencing data}, volume={14}, number={10}, journal={Genome Biology}, author={Magi, A and Tattini, L and Cifola, I and D’Aurizio, R and Benelli, M and et al.}, year={2013}, pages={R120}}
@article{McKenna_2010, title={The Genome Analysis Toolkit: A MapReduce framework for analyzing next-generation DNA sequencing data}, volume={20}, number={9}, journal={Genome Research}, author={McKenna, A and Hanna, M and Banks, E and Sivachenko, A and Cibulskis, K and et al.}, year={2010}, month={Jul}, pages={1297–1303}}
@article{Sikkema_Raddatz_2013, title={Targeted Next-Generation Sequencing can Replace Sanger Sequencing in Clinical Diagnostics}, volume={34}, number={7}, journal={Human Mutation}, author={Sikkema-Raddatz, B and Johansson, LF and de Boer, EN and Almomani, R and Boven, LG and et al.}, year={2013}, month={Apr}, pages={1035–1042}}
@article{Tan_2014, title={An Evaluation of Copy Number Variation Detection Tools from Whole-Exome Sequencing Data}, volume={35}, number={7}, journal={Human Mutation}, author={Tan, R and Wang, Y and Kleinstein, SE and Liu, Y and Zhu, X and et al.}, year={2014}, month={May}, pages={899–907}}
@article{Francioli_2014, title={Whole-genome sequence variation, population structure and demographic history of the Dutch population}, volume={46}, number={8}, journal={Nature Genetics}, author={Francioli, LC and Menelaou, A and Pulit, SL and van Dijk, F and Palamara, PF and et al.}, year={2014}, month={Jun}, pages={818–825}}
@article{Wang_2014a, title={Whole dystrophin gene analysis by next-generation sequencing: a comprehensive genetic diagnosis of Duchenne and Becker muscular dystrophy}, volume={289}, number={5}, journal={Molecular Genetics and Genomics}, author={Wang, Y and Yang, Y and Liu, J and Chen, X-C and Liu, X and et al.}, year={2014}, month={Apr}, pages={1013–1021}}
@article{Vasson_2013, title={Custom oligonucleotide array-based CGH: a reliable diagnostic tool for detection of exonic copy-number changes in multiple targeted genes}, volume={21}, number={9}, journal={European Journal of Human Genetics}, author={Vasson, A and Leroux, C and Orhant, L and Boimard, M and Toussaint, A and et al.}, year={2013}, month={Jan}, pages={977–987}}
@article{Zhao_2013, title={Computational tools for copy number variation (CNV) detection using next-generation sequencing data: features and perspectives}, volume={14}, number={Suppl 11}, journal={BMC Bioinformatics}, author={Zhao, M and Wang, Q and Wang, Q and Jia, P and Zhao, Z}, year={2013}, pages={S1}}
@online{Jiang_2015b,  author = {Jiang, Y},   title = {CODEX vignette. Online:https://www.bioconductor.org/packages/devel/bioc/vignettes/CODEX/inst/doc/CODEX_vignettes.pdf Accessed[2018-02-12]},   year = {2018},  url = {https://www.bioconductor.org/packages/devel/bioc/vignettes/CODEX/inst/doc/CODEX_vignettes.pdf},  urldate = {2018-02-12}}
@article{de_Vries_2005, title={Diagnostic Genome Profiling in Mental Retardation}, volume={77}, number={4}, journal={The American Journal of Human Genetics}, author={de Vries, BBA and Pfundt, R and Leisink, M and Koolen, DA and Vissers, LELM and et al.}, year={2005}, month={Oct}, pages={606–616}}
@online{Smit_2013,  author = {Smit, AFA and Hubley, R and Green, P},   title = {Repeatmasker Open-4.0},   year = {2013-2015. Online:http://www.repeatmasker.org Accessed [2018-02-12]},  url = {http://www.repeatmasker.org},  urldate = {2018-02-12}}
@article{Lo_1997, title={Early report.Presence of fetal DNA in maternal plasma and serum}, journal={Lancet}, volume={350}, pages={485-487}, author={Lo, YMD and Corbetta, N and Chamberlain, PF and Rai, V and Sargent, IL and et al.}, year={1997}}
@article{Alfirevic_2003, title={Amniocentesis and chorionic villus sampling for prenatal diagnosis}, journal={Cochrane Database of Systematic Reviews}, author={Alfirevic, Z and Mujezinovic, F and Sundberg, K}, editor={Alfirevic, Z}, year={2003}, month={Jul}}
@article{Fan_2008, title={Noninvasive diagnosis of fetal aneuploidy by shotgun sequencing DNA from maternal blood}, volume={105}, number={42}, journal={Proceedings of the National Academy of Sciences}, author={Fan, HC and Blumenfeld, YJ and Chitkara, U and Hudgins, L and Quake, SR}, year={2008}, month={Oct}, pages={16266–16271}}
@article{Chiu_2008, title={Noninvasive prenatal diagnosis of fetal chromosomal aneuploidy by massively parallel genomic sequencing of DNA in maternal plasma}, volume={105}, number={51}, journal={Proceedings of the National Academy of Sciences}, author={Chiu, RWK and Chan, KCA and Gao, Y and Lau, VYM and Zheng, W and et al.}, year={2008}, month={Dec}, pages={20458–20463}}
@article{Chen_2011, title={Noninvasive Prenatal Diagnosis of Fetal Trisomy 18 and Trisomy 13 by Maternal Plasma DNA Sequencing}, volume={6}, number={7}, journal={PLoS ONE}, author={Chen, EZ and Chiu, RWK and Sun, H and Akolekar, R and Chan, KCA and et al.}, editor={Janecke, AR}, year={2011}, month={Jul}, pages={e21791}}
@article{Lau_2012, title={Noninvasive prenatal diagnosis of common fetal chromosomal aneuploidies by maternal plasma DNA sequencing}, volume={25}, number={8}, journal={The Journal of Maternal-Fetal and Neonatal Medicine}, author={Lau, TK and Chen, F and Pan, X and Pooh, RK and Jiang, F and et al.}, year={2012}, month={Feb}, pages={1370–1374}}
@article{Palomaki_2012, title={DNA sequencing of maternal plasma reliably identifies trisomy 18 and trisomy 13 as well as Down syndrome: an international collaborative study}, volume={14}, number={3}, journal={Genetics in Medicine}, author={Palomaki, GE and Deciu, C and Kloza, EM and Lambert-Messerlian, GM and Haddow, JE and et al.}, year={2012}, month={Feb}, pages={296–305}}
@article{Liang_2013, title={Non-invasive prenatal testing of fetal whole chromosome aneuploidy by massively parallel sequencing}, volume={33}, number={5}, journal={Prenatal Diagnosis}, author={Liang, D and Lv, W and Wang, H and Xu, L and Liu, J and et al.}, year={2013}, month={Jan}, pages={409–415}}
@article{Fan_2010, title={Sensitivity of Noninvasive Prenatal Detection of Fetal Aneuploidy from Maternal Plasma Using Shotgun Sequencing Is Limited Only by Counting Statistics}, volume={5}, number={5}, journal={PLoS ONE}, author={Fan, HC and Quake, SR}, editor={Bridger JM}, year={2010}, month={May}, pages={e10439}}
@article{Sehnert_2011, title={Optimal Detection of Fetal Chromosomal Abnormalities by Massively Parallel DNA Sequencing of Cell-Free Fetal DNA from Maternal Blood}, volume={57}, number={7}, journal={Clinical Chemistry}, author={Sehnert, AJ and Rhees, B and Comstock, D and de Feo, E and Heilek, G and et al.}, year={2011}, month={Apr}, pages={1042–1049}}
@article{Stumm_2013, title={Diagnostic accuracy of random massively parallel sequencing for non-invasive prenatal detection of common autosomal aneuploidies: a collaborative study in Europe}, volume={34}, number={2}, journal={Prenatal Diagnosis}, author={Stumm, M and Entezami, M and Haug, K and Blank, C and Wüstemann, M and et el.}, year={2013}, month={Dec}, pages={185–191}}
@article{Durbin_2010, title={A map of human genome variation from population-scale sequencing}, volume={467}, number={7319}, journal={Nature}, author={Durbin, RM and Altshuler, DL and Durbin, RM and Abecasis, GR and Bentley, DR and et al.}, year={2010}, month={Oct}, pages={1061–1073}}
@article{Li_2009, title={The Sequence Alignment/Map format and SAMtools}, volume={25}, number={16}, journal={Bioinformatics}, author={Li, H and Handsaker, B and Wysoker, A and Fennell, T and Ruan, J and et al.}, year={2009}, month={Jun}, pages={2078–2079}}
@article{Tarasov_2015, title={Sambamba: fast processing of NGS alignment formats}, volume={31}, number={12}, journal={Bioinformatics}, author={Tarasov, A and Vilella, AJ and Cuppen, E and Nijman, IJ and Prins, P}, year={2015}, month={Feb}, pages={2032–2034}}
@article{Chan_2012, title={Cancer Genome Scanning in Plasma: Detection of Tumor-Associated Copy Number Aberrations, Single-Nucleotide Variants, and Tumoral Heterogeneity by Massively Parallel Sequencing}, volume={59}, number={1}, journal={Clinical Chemistry}, author={Chan, KCA and Jiang, P and Zheng, YWL and Liao, GJW and Sun, H and et al.}, year={2012}, month={Oct}, pages={211–224}}
@article{Leary_2012, title={Detection of Chromosomal Alterations in the Circulation of Cancer Patients with Whole-Genome Sequencing}, volume={4}, number={162}, journal={Science Translational Medicine}, author={Leary, RJ and Sausen, M and Kinde, I and Papadopoulos, N and Carpten, JD and et al.}, year={2012}, month={Nov}, pages={162ra154–162ra154}}
@article{Mackie_2016, title={The accuracy of cell-free fetal DNA-based non-invasive prenatal testing in singleton pregnancies: a systematic review and bivariate meta-analysis}, volume={124}, number={1}, journal={BJOG: An International Journal of Obstetrics and Gynaecology}, author={Mackie, FL and Hemming, K and Allen, S and Morris, RK and Kilby, MD}, year={2016}, month={May}, pages={32–46}}
@article{Wegrzyn_2006, title={Placental volume in twin and triplet pregnancies measured by three-dimensional ultrasound at 11 + 0 to 13 + 6 weeks of gestation}, volume={27}, number={6}, journal={Ultrasound in Obstetrics and Gynecology}, author={Wegrzyn, P and Fabio, C and Peralta, A and Faro, C and Borenstein, M and Nicolaides, KH}, year={2006}, pages={647–651}}
@article{Ashoor_2012a, title={Fetal Fraction in Maternal Plasma Cell-Free DNA at 11–13 Weeks’ Gestation: Effect of Maternal and Fetal Factors}, volume={31}, number={4}, journal={Fetal Diagnosis and Therapy}, author={Ashoor, G and Poon, L and Syngelaki, A and Mosimann, B and Nicolaides, KH}, year={2012}, pages={237–243}}
@article{Sparks_2012b, title={Selective analysis of cell-free DNA in maternal blood for evaluation of fetal trisomy}, volume={32}, number={1}, journal={Prenatal Diagnosis}, author={Sparks, AB and Wang, ET and Struble, CA and Barrett, W and Stokowski, R and et al.}, year={2012}, month={Jan}, pages={3–9}}
@article{Ashoor_2013, title={Trisomy 13 detection in the first trimester of pregnancy using a chromosome-selective cell-free DNA analysis method}, volume={41}, number={1}, journal={Ultrasound in Obstetrics and Gynecology}, author={Ashoor, G and Syngelaki, A and Wang, E and Struble, C and Oliphant, A and et al.}, year={2012}, month={Nov}, pages={21–25}}
@article{Zimmermann_2012, title={Noninvasive prenatal aneuploidy testing of chromosomes 13, 18, 21, X, and Y, using targeted sequencing of polymorphic loci}, volume={32}, number={13}, journal={Prenatal Diagnosis}, author={Zimmermann, B and Hill, M and Gemelos, G and Demko, Z and Banjevic, M and et al.}, year={2012}, month={Oct}, pages={1233–1241}}
@article{Multer_1995, title={PCR bias in amplification of androgen receptor alleles, a trinucleotide repeat marker used in clonality studies}, volume={23}, number={8}, journal={Nucleic Acids Research}, author={Multer, GL and Boynton, KA}, year={1995}, pages={1411–1418}}
@article{Dohm_2008, title={Substantial biases in ultra-short read data sets from high-throughput DNA sequencing}, volume={36}, number={16}, journal={Nucleic Acids Research}, author={Dohm, JC and Lottaz, C and Borodina, T and Himmelbauer, H}, year={2008}, month={Aug}, pages={e105–e105}}
@article{van_den_Oever_2013, title={Successful Noninvasive Trisomy 18 Detection Using Single Molecule Sequencing}, volume={59}, number={4}, journal={Clinical Chemistry}, author={van den Oever, JME and Balkassmi, S and Johansson, LF and Adama van Scheltema, PN and Suijkerbuijk, RF and et al.}, year={2013}, month={Jan}, pages={705–709}}
@article{Norwitz_2013, title={Noninvasive Prenatal Testing: The Future is Now}, journal={Rev Obstet Gynecol.}, volume={6(2)}, pages={48-62}, author={Norwitz, ER, and Levy, B}, year={2013}}
@article{Willems_2014, title={The first 3,000 Non-Invasive Prenatal Tests (NIPT) with the Harmony test in Belgium and the Netherlands}, journal={Facts Views Vis Obgyn}, volume={6(1)}, pages={7-12}, author={Willems, PJ and Dierickx, H and Vandenakker, ES and Bekedam, D and Segers, N and et al.}, year={2014}}
@online{Perinatalquality_org,  author = {National Society of Genetic Counselors},   title = {NIPT/Cell Free DNA Screening Predicitve Value Calculator},   year = {nd. Online:http://www.perinatalquality.org/Vendors/NSGC/NIPT/  Accessed[2016-09-20]},  url = {http://www.perinatalquality.org/Vendors/NSGC/NIPT/ },  urldate = {2016-09-20}}
@article{Benn_2013, title={Non-invasive prenatal testing for aneuploidy: current status and future prospects}, volume={42}, number={1}, journal={Ultrasound in Obstetrics and Gynecology}, author={Benn, P and Cuckle, H and Pergament, E}, year={2013}, month={Jun}, pages={15–33}}
@article{Sikkema_Raddatz_2016, title={NIPTRIC: an online tool for clinical interpretation of non-invasive prenatal testing (NIPT) results}, volume={6}, number={1}, journal={Scientific Reports}, author={Sikkema-Raddatz, B and Johansson, LF and de Boer, EN and Boon, EMJ and Suijkerbuijk, RF and et al.}, year={2016}, month={Dec}}
@article{Zhang_2015, title={Non-invasive prenatal testing for trisomies 21, 18 and 13: clinical experience from 146 958 pregnancies}, volume={45}, number={5}, journal={Ultrasound in Obstetrics and Gynecology}, author={Zhang, H and Gao, Y and Jiang, F and Fu, M and Yuan, Y and et al.}, year={2015}, month={Apr}, pages={530–538}}
@article{Norton_2015, title={Cell-free DNA Analysis for Noninvasive Examination of Trisomy}, volume={372}, number={17}, journal={New England Journal of Medicine}, author={Norton, ME and Jacobsson, B and Swamy, GK and Laurent, LC and Ranzini, AC and et al.}, year={2015}, month={Apr}, pages={1589–1597}}
@article{Dan_2012, title={Clinical application of massively parallel sequencing-based prenatal noninvasive fetal trisomy test for trisomies 21 and 18 in 11,105 pregnancies with mixed risk factors}, volume={32}, number={13}, journal={Prenatal Diagnosis}, author={Dan, S and Wang, W and Ren, J and Li, Y and Hu, H and et al.}, year={2012}, month={Nov}, pages={1225–1232}}
@article{Nicolaides_2012, title={Noninvasive prenatal testing for fetal trisomies in a routinely screened first-trimester population}, volume={207}, number={5}, journal={American Journal of Obstetrics and Gynecology}, author={Nicolaides, KH and Syngelaki, A and Ashoor, G and Birdir, C and Touzet, G}, year={2012}, month={Nov}, pages={374.e1–374.e6}}
@article{Fairbrother_2013, title={Clinical experience of noninvasive prenatal testing with cell-free DNA for fetal trisomies 21, 18, and 13, in a general screening population}, volume={33}, number={6}, journal={Prenatal Diagnosis}, author={Fairbrother, G and Johnson, S and Musci, TJ and Song, K}, year={2013}, month={Mar}, pages={580–583}}
@article{Lau_2014, title={Non-invasive prenatal testing for fetal chromosomal abnormalities by low-coverage whole-genome sequencing of maternal plasma DNA: review of 1982 consecutive cases in a single center}, volume={43}, number={3}, journal={Ultrasound in Obstetrics and Gynecology}, author={Lau, TK and Cheung, SW and Lo, PSS and Pursley, AN and Chan, MK and et al.}, year={2014}, month={Feb}, pages={254–264}}
@article{Bianchi_2014, title={DNA Sequencing versus Standard Prenatal Aneuploidy Screening}, volume={370}, number={9}, journal={New England Journal of Medicine}, author={Bianchi, DW and Parker, RL and Wentworth, J and Madankumar, R and Saffer, C and et al.}, year={2014}, month={Feb}, pages={799–808}}
@article{Dar_2014, title={Clinical experience and follow-up with large scale single-nucleotide polymorphism–based noninvasive prenatal aneuploidy testing}, volume={211}, number={5}, journal={American Journal of Obstetrics and Gynecology}, author={Dar, P and Curnow, KJ and Gross, SJ and Hall, MP and Stosic, M and et al.}, year={2014}, month={Nov}, pages={527.e1–527.e17}}
@article{Morain_2013, title={A New Era in Noninvasive Prenatal Testing}, volume={369}, number={6}, journal={New England Journal of Medicine}, author={Morain, S and Greene, MF and Mello, MM}, year={2013}, month={Aug}, pages={499–501}}
@article{Cheung_2015, title={Accurate Description of DNA-Based Noninvasive Prenatal Screening}, volume={372}, number={17}, journal={New England Journal of Medicine}, author={Cheung, SW and Patel, A and Leung, TY}, year={2015}, month={Apr}, pages={1675–1677}}
@article{Benn_2016, title={Posttest risk calculation following positive noninvasive prenatal screening using cell-free DNA in maternal plasma}, volume={214}, number={6}, journal={American Journal of Obstetrics and Gynecology}, author={Benn, P}, year={2016}, month={Jun}, pages={676.e1–676.e7}}
@article{den_Dunnen_2016, title={HGVS Recommendations for the Description of Sequence Variants: 2016 Update}, volume={37}, number={6}, journal={Human Mutation}, author={den Dunnen, JT and Dalgleish, R and Maglott, DR and Hart, RK and Greenblatt, MS. and et al.}, year={2016}, month={Mar}, pages={564–569}}
@article{Samango_Sprouse_2013, title={SNP-based non-invasive prenatal testing detects sex chromosome aneuploidies with high accuracy}, volume={33}, number={7}, journal={Prenatal Diagnosis}, author={Samango-Sprouse, C and Banjevic, M and Ryan, A and Sigurjonsson, S and Zimmermann, B and  et al.}, year={2013}, month={Jun}, pages={643–649}}
@article{Sparks_2012a, title={Noninvasive prenatal detection and selective analysis of cell-free DNA obtained from maternal blood: evaluation for trisomy 21 and trisomy 18}, volume={206}, number={4}, journal={American Journal of Obstetrics and Gynecology}, author={Sparks, AB and Struble, CA and Wang, ET and Song, K and Oliphant, A}, year={2012}, month={Apr}, pages={319.e1–319.e9}}
@article{Grace_2015, title={Cell free DNA testing–interpretation of results using an online calculator}, volume={213}, number={1}, journal={American Journal of Obstetrics and Gynecology}, author={Grace, MR and Hardisty, E and Green, NS and Davidson, E and Stuebe, AM and Vora, NL}, year={2015}, month={Jul}, pages={30.e1–30.e4}}
@article{Zimmermann_2012, title={Noninvasive prenatal aneuploidy testing of chromosomes 13, 18, 21, X, and Y, using targeted sequencing of polymorphic loci}, volume={32}, number={13}, journal={Prenatal Diagnosis}, author={Zimmermann, B and Hill, M and Gemelos, G and Demko, Z and Banjevic, M and et al.}, year={2012}, month={Oct}, pages={1233–1241}}
@article{Smith_2014, title={A Case of False Negative NIPT for Down Syndrome-Lessons Learned}, volume={2014}, journal={Case Reports in Genetics}, author={Smith, M and Lewis, KM and Holmes, A and Visootsak, J}, year={2014}, pages={1–3}}
@article{Lalkhen_2008, title={Clinical tests: sensitivity and specificity}, volume={8}, number={6}, journal={Continuing Education in Anaesthesia Critical Care and Pain}, author={Lalkhen, AG and McCluskey, A}, year={2008}, month={Dec}, pages={221–223}}
@article{Wang_2014b, title={Discordant noninvasive prenatal testing and cytogenetic results: a study of 109 consecutive cases}, volume={17}, number={3}, journal={Genetics in Medicine}, author={Wang, J-C and Sahoo, T and Schonberg, S and Kopita, KA and Ross, L and et al.}, year={2014}, month={Aug}, pages={234–236}}
@article{Borrell_2015, title={Cell-free DNA testing: inadequate implementation of an outstanding technique}, volume={45}, number={5}, journal={Ultrasound in Obstetrics and Gynecology}, author={Borrell, A and Stergiotou, I}, year={2015}, month={Apr}, pages={508–511}}
@article{Benn_2012, title={Prenatal Detection of Down Syndrome using Massively Parallel Sequencing (MPS): a rapid response statement from a committee on behalf of the Board of the International Society for Prenatal Diagnosis, 24 October 2011}, volume={32}, number={1}, journal={Prenatal Diagnosis}, author={Benn, P and Borrell, A and Cuckle, H and Dugoff, L and Gross, S and et al.}, year={2012}, month={Jan}, pages={1–2}}
@article{Canick_2012, title={DNA sequencing of maternal plasma to identify Down syndrome and other trisomies in multiple gestations}, volume={32}, number={8}, journal={Prenatal Diagnosis},  author={Canick, JA and Kloza, EM and Lambert-Messerlian, GM and Haddow, JE and Ehrich, M and et al.}, year={2012}, month={May}, pages={730–734}}
@article{Bianchi_2013, title={Integration of Noninvasive DNA Testing for Aneuploidy into Prenatal Care: What Has Happened Since the Rubber Met the Road?}, volume={60}, number={1}, journal={Clinical Chemistry}, author={Bianchi, DW and Wilkins-Haug, L}, year={2013}, month={Nov}, pages={78–87}}
@article{Norton_2012, title={Non-Invasive Chromosomal Evaluation (NICE) Study: results of a multicenter prospective cohort study for detection of fetal trisomy 21 and trisomy 18}, volume={207}, number={2}, journal={American Journal of Obstetrics and Gynecology}, author={Norton, ME and Brar, H and Weiss, J and Karimi, A and Laurent, LC and et al.}, year={2012}, month={Aug}, pages={137.e1–137.e8}}
@article{Hall_2014, title={Non-Invasive Prenatal Detection of Trisomy 13 Using a Single Nucleotide Polymorphism- and Informatics-Based Approach}, volume={9}, number={5}, journal={PLoS ONE}, author={Hall, MP and Hill, M and Zimmermann, B and Sigurjonsson, S and Westemeyer, M and et al.}, editor={Janecke, Andreas R.Editor}, year={2014}, month={May}, pages={e96677}}
@article{Wegrzyn_2005, title={Placental volume measured by three-dimensional ultrasound at 11 to 13 + 6 weeks of gestation: relation to chromosomal defects}, volume={26}, number={1}, journal={Ultrasound in Obstetrics and Gynecology}, author={Wegrzyn, P and Faro, C and Falcon, O and Peralta, CFA and Nicolaides, KH}, year={2005}, month={Jun}, pages={28–32}}
@article{Palomaki_2015, title={Circulating cell free DNA testing: are some test failures informative?}, volume={35}, number={3}, journal={Prenatal Diagnosis},  author={Palomaki, GE and Kloza, EM and Lambert-Messerlian, GM and van den Boom, D and Ehrich, M and et al.}, year={2015}, month={Jan}, pages={289–293}}
@article{Bianchi_2012, title={Genome-Wide Fetal Aneuploidy Detection by Maternal Plasma DNA Sequencing}, volume={119}, number={5}, journal={Obstetrics and Gynecology}, author={Bianchi, DW and Platt, LD and Goldberg, JD and Abuhamad, AZ and Sehnert, AJ and Rava, RP}, year={2012}, month={May}, pages={890–901}}
@article{Lau_2012, title={Noninvasive prenatal diagnosis of common fetal chromosomal aneuploidies by maternal plasma DNA sequencing}, volume={25}, number={8}, journal={The Journal of Maternal-Fetal and Neonatal Medicine}, publisher={Informa UK Limited}, author={Lau, TK and Chen, F and Pan, X and Pooh, RK and Jiang, F and et al.}, year={2012}, month={Feb}, pages={1370–1374}}
@article{Straver_2016, title={Calculating the fetal fraction for noninvasive prenatal testing based on genome-wide nucleosome profiles}, volume={36}, number={7}, journal={Prenatal Diagnosis}, author={Straver, R and Oudejans, CBM and Sistermans, EA and Reinders, MJT}, year={2016}, month={May}, pages={614–621}}
@article{Choi_2012, title={Fetal aneuploidy screening by maternal plasma DNA sequencing: “False positive” due to confined placental mosaicism}, volume={33}, number={2}, journal={Prenatal Diagnosis}, author={Choi, H and Lau, TK and Jiang, FM and Chan, MK and Zhang, HY and et al.}, year={2012}, month={Nov}, pages={198–200}}
@article{Wang_2013, title={Two cases of placental T21 mosaicism: challenging the detection limits of non-invasive prenatal testing}, volume={33}, number={12}, journal={Prenatal Diagnosis}, author={Wang, Y and Zhu, J and Chen, Y and Lu, S and Chen, B and et al.}, year={2013}, month={Aug}, pages={1207–1210}}
@article{Mao_2014, title={Confined placental origin of the circulating cell free fetal DNA revealed by a discordant non-invasive prenatal test result in a trisomy 18 pregnancy}, volume={433}, journal={Clinica Chimica Acta}, author={Mao, J and Wang, T and Wang, B-J and Liu, Y-H and Li, H and et al.}, year={2014}, month={Jun}, pages={190–193}}
@article{Snijders_1999, title={Maternal age- and gestation-specific risk for trisomy 21}, volume={13}, number={3}, journal={Ultrasound in Obstetrics and Gynecology}, author={Snijders, RJM and Sundberg, K and Holzgreve, W and Henry, G and Nicolaides, KH}, year={1999}, month={Mar}, pages={167–170}}
@article{Snijders_1995, title={Maternal Age and Gestational Age-Specific Risk for Chromosomal Defects}, volume={10}, number={6}, journal={Fetal Diagnosis and Therapy}, author={Snijders, RJM and Sebire, NJ and Nicolaides, KH}, year={1995}, pages={356–367}}
@article{Ashoor_2012b, title={Chromosome-selective sequencing of maternal plasma cell–free DNA for first-trimester detection of trisomy 21 and trisomy 18}, volume={206}, number={4}, journal={American Journal of Obstetrics and Gynecology}, author={Ashoor, G and Syngelaki, A and Wagner, M and Birdir, C and Nicolaides, KH}, year={2012}, month={Apr}, pages={322.e1–322.e5}}
@article{Benn_2014, title={Theoretical performance of non-invasive prenatal testing for chromosome imbalances using counting of cell-free DNA fragments in maternal plasma}, volume={34}, number={8}, journal={Prenatal Diagnosis}, author={Benn, P and Cuckle, H}, year={2014}, month={Apr}, pages={778–783}}
@article{Pergament_2014, title={Single-Nucleotide Polymorphism–Based Noninvasive Prenatal Screening in a High-Risk and Low-Risk Cohort}, volume={124}, number={2, PART 1}, journal={Obstetrics and Gynecology}, author={Pergament, E and Cuckle, H and Zimmermann, B and Banjevic, M and Sigurjonsson, S and et al.}, year={2014}, month={Aug}, pages={210–218}}
@article{Mutter_1995, title={PCR bias in amplification of androgen receptor alleles, a trinucleotide repeat marker used in clonality studies}, journal={Nucleic Acids Res}, volume={1995}, pages={1411-1418}, author={Mutter, GL and Boynton, KA}, year={1995}}
@article{Chandrananda_2014, title={Investigating and Correcting Plasma DNA Sequencing Coverage Bias to Enhance Aneuploidy Discovery}, volume={9}, number={1}, journal={PLoS ONE}, author={Chandrananda, D and Thorne, NP and Ganesamoorthy, D and Bruno, DL and Benjamini, Y and Speed, TP and et al.}, editor={Zhou, FengfengEditor}, year={2014}, month={Jan}, pages={e86993}}
@article{Gil_2013, title={Implementation of maternal blood cell-free DNA testing in early screening for aneuploidies}, volume={42}, number={1}, journal={Ultrasound in Obstetrics and Gynecology}, author={Gil, MM and Quezada, MS and Bregant, B and Ferraro, M and Nicolaides, KH}, year={2013}, month={Jun}, pages={34–40}}
@article{Guo_2013, title={Comparative Study of Exome Copy Number Variation Estimation Tools Using Array Comparative Genomic Hybridization as Control}, volume={2013}, journal={BioMed Research International}, author={Guo, Y and Sheng, Q and Samuels, DC and Lehmann, B and Bauer, JA and et al.}, year={2013}, pages={1–7}}
@book{Griffiths_2000, title={An Introduction to Genetic Analysis, 7th edition}, author={Griffiths, AJF and Miller, JH and Suzuki, DT and Lewontin, RC and Gelbart WM}, year={2000}, publisher={W.H.Freeman},address={New York}}
@article{Wilfert_2017, title={Recurrent de novo mutations in neurodevelopmental disorders: properties and clinical implications}, volume={9}, number={1}, journal={Genome Medicine}, author={Wilfert, AB and Sulovari, A and Turner, TN and Coe, BP and Eichler, EE}, year={2017}, month={Nov}}
@article{Sikkema_Raddatz_1997, title = "Probability tables for exclusion of mosaicism in prenatal diagnosis", author = "Sikkema-Raddatz, B and Castedo, S and te Meerman, GJ", year = "1997", month = "2", volume = "17", pages = "115--118", journal = "Prenatal Diagnosis",issn = "0197-3851", publisher = "WILEY", number = "2"}}
@article{Shaffer_2012, title={The use of new technologies in the detection of balanced translocations in hematologic disorders}, volume={22}, number={3}, journal={Current Opinion in Genetics and Development}, author={Shaffer, LG and Schultz, RA and Ballif, BC}, year={2012}, month={Jun}, pages={264–271}}
@online{Mitelman_2017,  author = {Mitelman, F and Johansson, B and Mertens, F (Eds.)},   title = {Mitelman Database of Chromosome Aberrations and Gene Fusions in Cancer 2017},   year = {2017},  url = {http://cgap.nci.nih.gov/Chromosomes/Mitelman},  urldate = {2018-07-13}}
@online{Leibniz_REH_2017, author = {Leibniz Institut DSMZ-German Collection of Microorganisms and Cell Cultures.},   title = {REH:DSMZ no ACC22},   year = {2017},  url = {http://www.dsmz.de/catalogues/details/culture/ACC-22.html?tx_dsmzresources_pi5%5BreturnPid%5D=192}, urldate = {2018-07-13}}
@online{Leibniz_FKH1_2017,  author = {Leibniz Institut DSMZ-German Collection of Microorganisms and Cell Cultures.},   title = {FKH1:DSMZ no ACC 614},   year = {2017},  url = {http://www.dsmz.de/catalogues/details/culture/ACC-614.html},  urldate = {2018-07-13}}
@online{van_den_Berg_2017,  author = {Van den Berg, E and Stevens-Kroef M},   title = {t(8;14)(q24;q32) IGH/MYC; t(2;8)(p12;q24) IGK/MYC; t(8;22)(q24;q11) IGL/MYC. Atlas Genet Cytogenet Oncol Heamatol},   year = {2017},  url = {http://atlasgeneticsoncology.org/Anomalies/t0814ID1050.html},  urldate = {2018-0-13}}
@article{Sandberg_2010, title={Cytogenetics and genetics of human cancer: methods and accomplishments}, volume={203}, number={2}, journal={Cancer Genetics and Cytogenetics}, author={Sandberg, AA and Meloni-Ehrig, AM}, year={2010}, month={Dec}, pages={102–126}}
@article{Mertens_2015, title={The emerging complexity of gene fusions in cancer}, volume={15}, number={6}, journal={Nature Reviews Cancer}, author={Mertens, F and Johansson, B and Fioretos, T and Mitelman, F}, year={2015}, month={Jun}, pages={371–381}}
@article{Welch_2011, title={Use of Whole-Genome Sequencing to Diagnose a Cryptic Fusion Oncogene}, volume={305}, number={15}, journal={JAMA}, author={Welch, JS}, year={2011}, month={Apr}, pages={1577}}
@article{Duncavage_2012, title={Targeted next generation sequencing of clinically significant gene mutations and translocations in leukemia}, volume={25}, number={6}, journal={Modern Pathology}, author={Duncavage, EJ and Abel, HJ and Szankasi, P and Kelley, TW and Pfeifer, JD}, year={2012}, month={Mar}, pages={795–804}}
@article{Fueller_2014, title={Genomic Inverse PCR for Exploration of Ligated Breakpoints (GIPFEL), a New Method to Detect Translocations in Leukemia}, volume={9}, number={8}, journal={PLoS ONE}, author={Fueller, E and Schaefer, D and Fischer, U and Krell, PFI and Stanulla, M and et al.}, editor={Lausen, JörnEditor}, year={2014}, month={Aug}, pages={e104419}}
@article{de_Vree_2014, title={Targeted sequencing by proximity ligation for comprehensive variant detection and local haplotyping}, volume={32}, number={10}, journal={Nature e Biotechnology}, author={de Vree, PJP and de Wit, E and Yilmaz, M and van de Heijning, M and Klous, P and et al.}, year={2014}, month={Aug}, pages={1019–1025}}
@article{Bohlander_2000, title={Fusion genes in leukemia: an emerging network}, volume={91}, number={1-4}, journal={Cytogenetic and Genome Research}, publisher={S. Karger AG}, author={Bohlander, SK}, year={2000}, pages={52–56}}
@online{Snijder_2015, author = {Snijder, S and Beverloo, B and Mellink, C and Stevens-Kroef, M and van den Berg, E and et al.}, title = {VKGL V07: Richtlijnen verworven cytogenetica.},   year = {2015},  url = {http://www.vkgl.nl/nl/diagnostiek/formulieren-documenten-kwaliteit/category/7-veldnormen},  urldate = {2018-07-13}}
@article{van_Dongen_1999, author={van Dongen, JJ and MacIntyre, EA, and Delabesse, E and Rossi, V and Saglio, G and et al.},title={Standardized RT-PCR analysis of fusion gene transcripts from chromosome aberrations in acute leukemia for detection of minimal residual disease. Report of the BIOMED-1 Concerted Action: investigation of minimal residual disease in acute leuekmia},}, journal={Leukemia}, volume={13}, pages={1901-28}, year={1999}}
@article{Pinkel_1986, title={Cytogenetic analysis using quantitative, high-sensitivity, fluorescence hybridization}, journal={Proc Natl Acad Sci USA}, volume={83}, pages={2934-8}, author={Pinkel, D and Straume, T and Gray, JW}, year={1986}}
@article{Kuiper_2015, author={Kuiper, RP and van Reijmersdal, SV and Simonis, M and Yu, J and Sonneveld, E and et al.}, title={Targeted Locus Amplification and Next Generation Sequencing for the Detection of Recurrent and Novel Gene Fusions for Improved Treatment Decisions in Pediatric Acute Lymphoblastic Leukemia}, journal={Blood}, volume={126}, number={23}, pages={696}, year={2015}}
@article{Buzzard_2004, title={Karyotype of human ES cells during extended culture}, volume={22}, number={4}, journal={Nature Biotechnology}, author={Buzzard, JJ and Gough, NM and Crook, JM and Colman, A}, year={2004}, month={Apr}, pages={381–382}}
@article{Burmeister_2015, title={Evidence-based RT-PCR methods for the detection of the 8 most common MLL aberrations in acute leukemias}, volume={39}, number={2}, journal={Leukemia Research}, author={Burmeister, T and Meyer, C and Gröger, D and Hofmann, J and Marschalek, R}, year={2015}, month={Feb}, pages={242–247}}
@article{Salto_Tellez_2003, title={Multiplex RT-PCR for the Detection of Leukemia-Associated Translocations}, volume={5}, number={4}, journal={The Journal of Molecular Diagnostics}, author={Salto-Tellez, M and Shelat, SG and Benoit, B and Rennert, H and Carroll, M and et al.}, year={2003}, month={Nov}, pages={231–236}}
@article{Schoch_2002, title={Comparison of chromosome banding analysis, interphase- and hypermetaphase-FISH, qualitative and quantitative PCR for diagnosis and for follow-up in chronic myeloid leukemia: a study on 350 cases}, volume={16}, number={1}, journal={Leukemia}, author={Schoch, C and Schnittger, S and Bursch, S and Gerstner, D and Hochhaus, A and et al.}, year={2002}, month={Jan}, pages={53–59}}
@article{Aypar_2014, title={Development of an NPM1/MLF1 D-FISH Probe Set for the Detection of t(3;5)(q25;q35) Identified in Patients with Acute Myeloid Leukemia}, volume={16}, number={5}, journal={The Journal of Molecular Diagnostics}, author={Aypar, U and Knudson, RA and Pearce, KE and Wiktor, AE and Ketterling, RP}, year={2014}, month={Sep}, pages={527–532}}
@article{Liew_2016, title={Validation of break-apart and fusion MYC probes using a digital fluorescence in situ hybridization capture and imaging system}, volume={7}, number={1}, journal={Journal of Pathology Informatics}, author={Liew, M and Rowe, L and Clement, PW and Miles, RR and Salama, ME}, year={2016}, pages={20}}
@article{Faderl_1999, title={The Biology of Chronic Myeloid Leukemia}, volume={341}, number={3}, journal={New England Journal of Medicine}, author={Faderl, S and Talpaz, M and Estrov, Z and O’Brien, S and Kurzrock, R and Kantarjian, HM}, editor={Epstein, Franklin, H.}, year={1999}, month={Jul}, pages={164–172}}
@article{Ferry_2006, title={Burkitt’s Lymphoma: Clinicopathologic Features and Differential Diagnosis}, volume={11}, number={4}, journal={The Oncologist}, author={Ferry, JA}, year={2006}, month={Apr}, pages={375–383}}
@article{Meyer_2013, title={The MLL recombinome of acute leukemias in 2013}, volume={27}, number={11}, journal={Leukemia}, author={Meyer, C and Hofmann, J and Burmeister, T and Gröger, D and Park, TS and Emerenciano, M and et al.}, year={2013}, month={Apr}, pages={2165–2176}}
@article{Winters_2017, title={MLL-Rearranged Leukemias—An Update on Science and Clinical Approaches}, volume={5}, journal={Frontiers in Pediatrics}, author={Winters, AC and Bernt, KM}, year={2017}, month={Feb}}
@article{Greisman_2011, title={Rapid High-Resolution Mapping of Balanced Chromosomal Rearrangements on Tiling CGH Arrays}, volume={13}, number={6}, journal={The Journal of Molecular Diagnostics}, author={Greisman, HA and Hoffman, NG and Yi, HS}, year={2011}, month={Nov}, pages={621–633}}
@article{Lilljebjorn_2013, title={RNA-seq identifies clinically relevant fusion genes in leukemia including a novel MEF2D/CSF1R fusion responsive to imatinib}, volume={28}, number={4}, journal={Leukemia}, author={Lilljebjörn, H and Ågerstam, H and Orsmark-Pietras, C and Rissler, M and Ehrencrona, H and et al.}, year={2013}, month={Nov}, pages={977–979}}
@article{Torkildsen_2015, title={Novel ZEB2-BCL11B Fusion Gene Identified by RNA-Sequencing in Acute Myeloid Leukemia with t(2;14)(q22;q32)}, volume={10}, number={7}, journal={PLOS ONE},  author={Torkildsen, S and Gorunova, L and Beiske, K and Tjønnfjord, GE and Heim, S and Panagopoulos, I}, editor={Mills, KenEditor}, year={2015}, month={Jul}, pages={e0132736}}
@article{Scolnick_2015, title={An Efficient Method for Identifying Gene Fusions by Targeted RNA Sequencing from Fresh Frozen and FFPE Samples}, volume={10}, number={7}, journal={PLOS ONE}, author={Scolnick, JA and Dimon, M and Wang, I-C and Huelga, SC and Amorese, DA}, editor={Xie, K}, year={2015}, month={Jul}, pages={e0128916}}
@article{Levin_2009, title={Targeted next-generation sequencing of a cancer transcriptome enhances detection of sequence variants and novel fusion transcripts}, volume={10}, number={10}, journal={Genome Biology}, author={Levin, JZ and Berger, MF and Adiconis, X and Rogov, P and Melnikov, A and et al.}, year={2009}, pages={R115}}
@article{Zheng_2014, title={Anchored multiplex PCR for targeted next-generation sequencing}, volume={20}, number={12}, journal={Nature Medicine}, author={Zheng, Z and Liebers, M and Zhelyazkova, B and Cao, Y and Panditi, D and et al.}, year={2014}, month={Nov}, pages={1479–1484}}
@article{Allyse_2015, title={Non-invasive prenatal testing: a review of international implementation and challenges}, journal={International Journal of Women’s Health}, author={Allyse, M and Minear, M and Rote, M and Hung, A and Chandrasekharan, S and et al.}, year={2015}, month={Jan}, pages={113}}
@article{Straver_2013, title={WISECONDOR: detection of fetal aberrations from shallow sequencing maternal plasma based on a within-sample comparison scheme}, volume={42}, number={5}, journal={Nucleic Acids Research}, author={Straver, R and Sistermans, EA and Holstege, H and Visser, A and Oudejans, CBM and Reinders, MJT}, year={2013}, month={Oct}, pages={e31–e31}}
@article{Yang_2017, title={Improving the calling of non-invasive prenatal testing on 13-/18-/21-trisomy by support vector machine discrimination}, url={http://dx.doi.org/10.1101/216689}, DOI={10.1101/216689}, publisher={Cold Spring Harbor Laboratory}, author={Yang, J and Ding, X and Zhu, W}, year={2017}, month={Nov}}
@article{Sauk_2018, title={NIPTmer: rapid k-mer-based software package for detection of fetal aneuploidies}, volume={8}, number={1}, journal={Scientific Reports}, author={Sauk, M and Žilina, O and Kurg, A and Ustav, E-L and Peters, M and et al.}, year={2018}, month={Apr}}
@article{Phan_2018, title={Establishing and validating noninvasive prenatal testing procedure for fetal aneuploidies in Vietnam}, journal={The Journal of Maternal-Fetal \& Neonatal Medicine}, publisher={Informa UK Limited}, author={Phan, M-D and Nguyen, TV and Trinh, HNT and Vo, BT and Nguyen, TM and et al.}, year={2018}, month={Jul}, pages={1–7}}
@article{Johansson_2017, title={Novel Algorithms for Improved Sensitivity in Non-Invasive Prenatal Testing}, volume={7}, number={1}, journal={Scientific Reports}, publisher={Springer Nature}, author={Johansson, LF and de Boer, EN and de Weerd, HA and van Dijk, F and Elferink, MG and et al.}, year={2017}, month={May}}
@article{Lo_2014, title={RAPIDR: an analysis package for non-invasive prenatal testing of aneuploidy}, volume={30}, number={20}, journal={Bioinformatics}, publisher={Oxford University Press (OUP)}, author={Lo, KK and Boustred, C and Chitty, LS and Plagnol, V}, year={2014}, month={Jul}, pages={2965–2967}}
@article{Liu_2016, title={DASAF: An R Package for Deep Sequencing-Based Detection of Fetal Autosomal Abnormalities from Maternal Cell-Free DNA}, volume={2016}, journal={BioMed Research International}, author={Liu, B and Tang, X and Qiu, F and Tao, C and Gao, J and et al.}, year={2016}, pages={1–7}}
@book{Chen_2011b, title={Development of Bioinformatics Algorithms for Trisomy 13 and 18 Detection by Next Generation Sequencing of Maternal Plasma DNA}, author={Chen, Z}, year={2011}, publisher={The Chinese University of Hong Kong}}
@online{Johansson_2016a,  author = {Johansson, LF and de Weerd, HA}, title = {NIPTeR vignette}, year = {2016}, url = {https://cran.r-project.org/web/packages/NIPTeR/vignettes/NIPTeR.html}, urldate = {2019-01-05}}
@article{Jain_2018b, title={Linear assembly of a human centromere on the Y chromosome}, volume={36}, number={4}, journal={Nature Biotechnology}, publisher={Springer Nature}, author={Jain, M and Olsen, HE and Turner, DJ and Stoddart, D and Bulazel, KV and et al.}, year={2018}, month={Mar}, pages={321–323}}
@article{Jain_2018a, title={Nanopore sequencing and assembly of a human genome with ultra-long reads}, volume={36}, number={4}, journal={Nature Biotechnology}, publisher={Springer Nature}, author={Jain, M and Koren, S and Miga, KH and Quick, J and Rand, AC and et al.}, year={2018}, month={Jan}, pages={338–345}}
@book{Altmann_1894, title={Elementärorganismen und ihre beziehungen zu den zellen}, author={Altmann, R}, year={1890 zweite auglage 1894}, publisher={Metzger \& Wittig},address={Leipzig}}
@article{Benda_1898, title={Ueber die Spermatogenese der Vertebraten und höheren Evertebraten. II. Theil. Die Histiogenese der Spermien}, journal={Arch. Anal. Physiol.}, volume={}, pages={393-398}, author={Benda, C}, year={1898}}
@article{Nass_1963, title={Intramitochondrial fibers with DNA characteristics: I. Fixation and Electronic Staining Reactions}, journal={J. Cell Biol.}, volume={19}, pages={593-611}, author={Nass, MMK and Nass, S}, year={1963}}
@article{Rubinsztein_1996, title={Phenotypic characterization of individuals with 30-40 CAG repeats in the Huntington disease (HD) gene reveals HD cases with 36 repeats and apparently normal elderly individuals with 36-39 repeats}, journal={Am. J. Hum. Genet.}, volume={59},pages={16-22},author={Rubinsztein, DC and Leggo, J and Coles, R and Almqvist, E and Biancalana, V and et al.}, year={1996}}
@article{Hook_1977, title={“Exclusion of chromosomal mosaicism: tables of 90\%, 95\% and 99\% confidence limits and comments on use}, journal={Am. J. Hum. Genet.}, volume={29}, pages={94-97}, author={E.B. Hook}, year={1977}}
@article{Liu_2015, title={Traditional karyotypingvscopy number variation sequencing for detection of chromosomal abnormalities associated with spontaneous miscarriage}, volume={46}, number={4}, journal={Ultrasound in Obstetrics \& Gynecology}, publisher={Wiley}, author={Liu, S and Song, L and Cram, DS and Xiong, L and Wang, K and et al.}, year={2015}, month={Oct}, pages={472–477}}
@article{Cui_2016, title={Fluorescence In situ Hybridization: Cell-Based Genetic Diagnostic and Research Applications}, volume={4}, journal={Frontiers in Cell and Developmental Biology}, author={Cui, C and Shu, W and Li, P}, year={2016}, month={Sep}}
@article{Spielmann_2018, title={Structural variation in the 3D genome}, volume={19}, number={7}, journal={Nature Reviews Genetics}, author={Spielmann, M and Lupiáñez, DG and Mundlos, S}, year={2018}, month={Apr}, pages={453–467}}
@article{Jiang_2018, title={Integrating ChIP-seq with other functional genomics data}, volume={17}, number={2}, journal={Briefings in Functional Genomics}, author={Jiang, S and Mortazavi, A}, year={2018}, month={Mar}, pages={104–115}}
@article{Nielsen_2011, title={Genotype and SNP calling from next-generation sequencing data}, volume={12}, number={6}, journal={Nature Reviews Genetics}, author={Nielsen, R and Paul, JS and Albrechtsen, A and Song, YS}, year={2011}, month={Jun}, pages={443–451}}
@article{Wall_2014, title={Estimating genotype error rates from high-coverage next-generation sequence data}, volume={24}, number={11}, journal={Genome Research}, author={Wall, JD and Tang, LF and Zerbe, B and Kvale, MN and Kwok, P-Y and et al.}, year={2014}, month={Oct}, pages={1734–1739}}
@article{Schirmer_2015, title={Insight into biases and sequencing errors for amplicon sequencing with the Illumina MiSeq platform}, volume={43}, number={6}, journal={Nucleic Acids Research}, author={Schirmer, M and Ijaz, UZ and D’Amore, R and Hall, N and Sloan, WT and Quince, C}, year={2015}, month={Jan}, pages={e37–e37}}
@article{Nakamura_2011, title={Sequence-specific error profile of Illumina sequencers}, volume={39}, number={13}, journal={Nucleic Acids Research}, author={Nakamura, K and Oshima, T and Morimoto, T and Ikeda, S and Yoshikawa, H and et al.}, year={2011}, month={May}, pages={e90–e90}}
@article{Roeh_2017, title={Sequencing on the SOLiD 5500xl System – in-depth characterization of the GC bias}, volume={8}, number={4}, journal={Nucleus}, author={Roeh, S and Weber, P and Rex-Haffner, M and Deussing, JM and Binder, EB and Jakovcevski, M}, year={2017}, month={Jun}, pages={370–380}}
@article{Mandelker_2016, title={Navigating highly homologous genes in a molecular diagnostic setting: a resource for clinical next-generation sequencing}, volume={18}, number={12}, journal={Genetics in Medicine}, author={Mandelker, D and Schmidt, RJ and Ankala, A and McDonald Gibson, K and Bowser, M and et al.}, year={2016}, month={May}, pages={1282–1289}}
@article{Tutlewska_2013, title={Germline deletions in the EPCAM gene as a cause of Lynch syndrome – literature review}, volume={11}, number={1}, journal={Hereditary Cancer in Clinical Practice}, author={Tutlewska, K and Lubinski, J and Kurzawski, G}, year={2013}, month={Aug}}
@article{Talseth_Palmer_2016, title={Targeted next-generation sequencing of 22 mismatch repair genes identifies Lynch syndrome families}, volume={5}, number={5}, journal={Cancer Medicine}, author={Talseth-Palmer, BA and Bauer, DC and Sjursen, W and Evans, TJ and McPhillips, M and et al.}, year={2016}, month={Jan}, pages={929–941}}
@book{Yu_2018, title={Cystic Fibrosis. [Updated 2018 Mar 20]. In: StatPearls}, author={Yu, E and Sharma, S}, year={2018}, publisher={Treasure Island \(FL\): StatPearls Publishing},address={Available from: https://www.ncbi.nlm.nih.gov/books/NBK493206/}}
@misc{Geneticshomereference_2019,  author = {Genetics Home Reference},   title = {Color vision deficiency. Online: https:ghr.nlm.nih.gov/condition/color-vision-deficiency}, year = {2019},  url = { ghr.nlm.nih.gov/condition/color-vision-deficiency},  urldate = {2019-01-04}}
@article{Devlin_2004, title={Accuracy of the clinical diagnosis of Down Syndrome}, journal={Ulster Med. J.}, volume={73}, pages={4-12}, author={Devlin, L and Morrison, PJ}, year={2004}}
@article{Scotet_2012, title={Evidence for decline in the incidence of cystic fibrosis: a 35-year observational study in Brittany, France}, volume={7}, number={1}, journal={Orphanet Journal of Rare Diseases}, author={Scotet, V and Duguépéroux, I and Saliou, P and Rault, G and Roussey, M and et al.}, year={2012}, pages={14}}
@article{Chinnery_2018, title={Oldies but Goldies mtDNA Population Variants and Neurodegenerative Diseases}, volume={12}, journal={Frontiers in Neuroscience}, publisher={Frontiers Media SA}, author={Chinnery, PF and Gomez-Duran, A}, year={2018}, month={Oct}}
@article{Frank_2014, title={Somatic Mosaicism and Disease}, volume={24}, number={12}, journal={Current Biology}, publisher={Elsevier BV}, author={Frank, SA}, year={2014}, month={Jun}, pages={R577–R581}}
@article{Hook_2014, title={Turner syndrome revisited: review of new data supports the hypothesis that all viable 45,X cases are cryptic mosaics with a rescue cell line, implying an origin by mitotic loss}, volume={133}, number={4}, journal={Human Genetics}, author={Hook, EB and Warburton, D}, year={2014}, month={Jan}, pages={417–424}}
@article{Sobjanek_2014, title={Segmental neurofibromatosis}, volume={6}, journal={Advances in Dermatology and Allergology}, publisher={Termedia Sp. z.o.o.}, author={Sobjanek, M and Dobosz-Kawalko, M and Michajlowski, I and Peksa, R and Nowicki, R}, year={2014}, pages={410–412}}
@article{Dumitrescu_2008, title={McCune-Albright syndrome}, volume={3}, number={1}, journal={Orphanet Journal of Rare Diseases}, author={Dumitrescu, CE and Collins, MT}, year={2008}, month={May}}
@article{Kang_2016, title={The Philadelphia chromosome in leukemogenesis}, volume={35}, number={1}, journal={Chinese Journal of Cancer}, author={Kang, Z-J and Liu, Y-F and Xu, L-Z and Long, Z-J and Huang, D and et al.}, year={2016}, month={May}}
@article{Nowell_1976, title={Clonal Evolution of Tumor Cell Populations}, journal={Science}, volume={194}, pages={23-38}, author={Nowell, PC}, year={1976}}
@article{Dominguez_Sola_2014, title={MYC and the Control of DNA Replication}, volume={4}, number={6}, journal={Cold Spring Harbor Perspectives in Medicine}, author={Dominguez-Sola, D and Gautier, J}, year={2014}, month={Jun}, pages={a014423–a014423}}
@article{Naugler_2010, title={Population genetics of cancer cell clones: possible implications of cancer stem cells}, volume={7}, number={1}, journal={Theoretical Biology and Medical Modelling}, author={Naugler, CT}, year={2010}, month={Nov}}
@article{McGranahan_2017, title={Clonal Heterogeneity and Tumor Evolution: Past, Present, and the Future}, volume={168}, number={4}, journal={Cell}, author={McGranahan, N and Swanton, C}, year={2017}, month={Feb}, pages={613–628}}
@article{Beulen_2017, title={Clinical utility of non-invasive prenatal testing in pregnancies with ultrasound anomalies}, volume={49}, number={6}, journal={Ultrasound in Obstetrics \& Gynecology}, author={Beulen, L and Faas, BHW and Feenstra, I and van Vugt, JMG and Bekker, MN}, year={2017}, month={Jun}, pages={721–728}}
@misc{MeeroverNIPT_2018,  author = {NIPT Consortium},   title = {MeeroverNIPT: Online: http://www.meerovernipt.nl/content/de-studies-trident-1-en-trident-2 (visited on March 9th 2018)},   year = {2018},  url = { http://www.meerovernipt.nl/content/de-studies-trident-1-en-trident-2},  urldate = {2018-03-09}}
@book{Kant_1781a, title={Kritik der Reinen Vernunft}, author={Kant, I}, year={1781/1787 Herausgabe 1956}, publisher={Felix Meiner Verlag},address={Hamburg}}
@book{Verbeek_2011, title={ Moralizing Technology – Understanding and designing the Morality of Things}, author={Verbeek, P-P}, year={2011}, publisher={The University of Chigago Press},address={Chicago}}
@article{Yoo_2015, title={Evaluation of genetic risk scores for prediction of dichotomous outcomes.}, author={Yoo, W and Smith, SA and Coughlin, SS},journal={International journal of molecular epidemiology and genetics}, year={2015},volume={6 1}, pages={1-8}}
@article{Lincoln_2017, title={An interlaboratory study of complex variant detection}, author={Lincoln, SE and Zook, JM and Chowdhury, S and Mahamdallie, S and Fellowes, A and et al.}, year={2017}, month={Nov}}
@article{Banik_2017, title={Maternal Factors that Induce Epigenetic Changes Contribute to Neurological Disorders in Offspring}, volume={8}, number={6}, journal={Genes}, author={Banik, A and Kandilya, D and Ramya, S and Stünkel, W and Chong, Y and Dheen, S}, year={2017}, month={May}, pages={150}}
@article{Portales_Casamar_2016, title={DNA methylation signature of human fetal alcohol spectrum disorder}, volume={9}, number={1}, journal={Epigenetics \& Chromatin}, author={Portales-Casamar, E and Lussier, AA and Jones, MJ and MacIsaac, JL and Edgar, RD and et al.}, year={2016}, month={Jun}}
@article{Jostins_2011, title={Genetic risk prediction in complex disease}, volume={20}, number={R2}, journal={Human Molecular Genetics}, publisher={Oxford University Press (OUP)}, author={Jostins, L and Barrett, JC}, year={2011}, month={Aug}, pages={R182–R188}}
@article{Richards_2015, title={Standards and guidelines for the interpretation of sequence variants: a joint consensus recommendation of the American College of Medical Genetics and Genomics and the Association for Molecular Pathology}, volume={17}, number={5}, journal={Genetics in Medicine}, author={Richards, S and Aziz, N and Bale, S and Bick, D and Das, S and et al.}, year={2015}, month={Mar}, pages={405–423}}
@article{de_Koning_2011, title={Repetitive Elements May Comprise Over Two-Thirds of the Human Genome}, volume={7}, number={12}, journal={PLoS Genetics}, publisher={Public Library of Science (PLoS)}, author={de Koning, APJ and Gu, W and Castoe, TA and Batzer, MA and Pollock, DD}, editor={Copenhaver, GP}, year={2011}, month={Dec}, pages={e1002384}}
@article{Millson_2015, title={Processed Pseudogene Confounding Deletion/Duplication Assays for SMAD4}, volume={17}, number={5}, journal={The Journal of Molecular Diagnostics}, author={Millson, A and Lewis, T and Pesaran, T and Salvador, D and Gillespie, K and et al.}, year={2015}, month={Sep}, pages={576–582}}
@article{Wildschutte_2015, title={Discovery and characterization ofAlurepeat sequences via precise local read assembly}, journal={Nucleic Acids Research}, author={Wildschutte, JH and Baron, A and Diroff, NM and Kidd, JM}, year={2015}, month={Oct}, pages={gkv1089}}
@article{Schneider_2017, title={Evaluation of GRCh38 and de novo haploid genome assemblies demonstrates the enduring quality of the reference assembly}, volume={27}, number={5}, journal={Genome Research}, author={Schneider, VA and Graves-Lindsay, T and Howe, K and Bouk, N and Chen, H-C and et al.}, year={2017}, month={Apr}, pages={849–864}}
@article{Smith_2017a, title={UMI-tools: modeling sequencing errors in Unique Molecular Identifiers to improve quantification accuracy}, volume={27}, number={3}, journal={Genome Research}, author={Smith, T and Heger, A and Sudbery, I}, year={2017}, month={Jan}, pages={491–499}}
@article{Quail_2012, title={A tale of three next generation sequencing platforms: comparison of Ion torrent, pacific biosciences and illumina MiSeq sequencers}, volume={13}, number={1}, journal={BMC Genomics}, author={Quail, M and Smith, ME and Coupland, P and Otto, TD and Harris, SR and et al.}, year={2012}, pages={341}}
@article{Head_2014, title={Library construction for next-generation sequencing: Overviews and challenges}, volume={56}, number={2}, journal={BioTechniques}, author={Head, SR and Komori, HK and LaMere, SA and Whisenant, T and Van Nieuwerburgh, F and et al.}, year={2014}, month={Feb}}
@article{Reiss_2017, title={Sex chromosome aneuploidy detection by noninvasive prenatal testing: helpful or hazardous?}, volume={37}, number={5}, journal={Prenatal Diagnosis}, author={Reiss, RE and Discenza, M and Foster, J and Dobson, L and Wilkins-Haug, L}, year={2017}, month={May}, pages={515–520}}
@article{Mather_2016, title={False positive cell free DNA screening for microdeletions due to non-pathogenic copy number variants}, volume={36}, number={6}, journal={Prenatal Diagnosis}, author={Mather, CA and Qi, Z and Wiita, AP}, year={2016}, month={May}, pages={584–586}}
@article{Elferink_2017, title={“Defining quality standards for clinical whole exome sequencing: A national collaborative study of the Dutch Society for Clinical Genetic Laboratory Diagnostics (VKGL)}, journal={American Society of Human Genetics}, volume={ 67th Annual Meeting October 17–21, 2017, Orlando. Florida}, pages={Abstract 2577F}, author={Elferink, MG and Nijman, IJ and Haagmans, MA and Bollen, AHB and Brouwer, RWW and et al.}, year={2017}}
@online{Andrews_2016,  author = {Andrews, S},   title = { Illumina 2 colour chemistry can overcall high confidence G bases},   year = {2016},  url = {https://sequencing.qcfail.com/articles/illumina-2-colour-chemistry-can-overcall-high-confidence-g-bases/}, urldate = {2018-06-07}}
@online{GATK_2017,  author = {Broad institure},  title = {GATK Documentation. 2017-07-29. Mapping quality filter},   year = {2017},  url = {https://software.broadinstitute.org/gatk/documentation/tooldocs/3.8-0/org_broadinstitute_gatk_engine_filters_MappingQualityFilter.php},  urldate = {2018-08-24}}
@article{Waters_2007, title={Causes That Make a Difference}, volume={104}, number={11}, journal={Journal of Philosophy}, author={Waters, CK}, year={2007}, pages={551–579}}
@book{Griffitz_2013, title={Genetics and Philosophy: An Introduction}, author={Griffitz, P and Stotz, K}, year={2013}, publisher={Cambridge University Press, Universitiy Printing House,},address={Cambridge, UK}}
@InCollection{sep-scientific-representation,author={Frigg, R and Nguyen, J},title={Scientific Representation},booktitle ={The Stanford Encyclopedia of Philosophy},editor={Zalta, EN}, howpublished ={\url{https://plato.stanford.edu/archives/win2018/entries/scientific-representation/}},	year ={2018},edition={Winter 2018},publisher={Metaphysics Research Lab, Stanford University}}
@InCollection{sep-scientific-realism,author ={Chakravartty, A},title={Scientific Realism},booktitle  ={The Stanford Encyclopedia of Philosophy},editor ={Edward N. Zalta},howpublished ={\url{https://plato.stanford.edu/archives/sum2017/entries/scientific-realism/}},year={2017},edition ={Summer 2017},publisher ={Metaphysics Research Lab, Stanford University}}
@InCollection{sep-constructive-empiricism,author={Monton, B and Mohler, C},title ={Constructive Empiricism},booktitle={The Stanford Encyclopedia of Philosophy},editor ={Edward N. Zalta},howpublished={\url{https://plato.stanford.edu/archives/sum2017/entries/constructive-empiricism/}},year ={2017},	edition ={Summer 2017},	publisher ={Metaphysics Research Lab, Stanford University}}
@book{Fraassen_2008, title={ Scientific Representation}, author={van Fraassen, BC}, year={2008}, publisher={Oxford University press},address={Oxford, UK}}
@book{Plato_350BC, title={The allegory of the cave. In: Republic  p. VII 514 a, 2 to 517 a, 7}, author={Plato}, year={~350BC}, url={https://web.stanford.edu/class/ihum40/cave.pdf}, urldate={2019-02-26}}
@article{Latour_2003, title={The promises of constructivism}, journal={Chas. Technol.  Matrix Mater}, volume={46}, pages={27-46}, author={Latour, B}, year={2003}}
@book{Wittgenstein_1933, title={Tractatus logico-philosophicus [Reprinted, with a few corrections]}, author={Wittgenstein, L}, year={1933}, publisher={Harcourt, Brace},address={New York}}
@article{van_der_Wijst_2018, title={Single-cell RNA sequencing identifies celltype-specific cis-eQTLs and co-expression QTLs}, volume={50}, number={4}, journal={Nature Genetics}, author={van der Wijst, MGP and Brugge, H and de Vries, DH and Deelen, P and Swertz, MA and Franke, L}, year={2018}, month={Apr}, pages={493–497}}
@article{Le_Dily_2017, title={3D modeling of chromatin structure: is there a way to integrate and reconcile single cell and population experimental data?}, volume={7}, number={5}, journal={Wiley Interdisciplinary Reviews: Computational Molecular Science}, author={Le Dily, F and Serra, F and Marti-Renom, MA}, year={2017}, month={Apr}, pages={e1308}}
@article{Andrews_2018, title={Case-control meta-analysis of blood DNA methylation and autism spectrum disorder}, volume={9}, number={1}, journal={Molecular Autism}, author={Andrews, SV and Sheppard, B and Windham, GC and Schieve, LA and Schendel, DE and et al.}, year={2018}, month={Jun}}
@article{Rieber_2013, title={Coverage Bias and Sensitivity of Variant Calling for Four Whole-genome Sequencing Technologies}, volume={8}, number={6}, journal={PLoS ONE}, publisher={Public Library of Science (PLoS)}, author={Rieber, N and Zapatka, M and Lasitschka, B and Jones, D and Northcott, P and et al.}, editor={Hofmann, O}, year={2013}, month={Jun}, pages={e66621}}
@article{Ross_2013, title={Characterizing and measuring bias in sequence data}, volume={14}, number={5}, journal={Genome Biology}, publisher={Springer Nature}, author={Ross, MG and Russ, C and Costello, M and Hollinger, A and Lennon, NJ and et al.}, year={2013}, pages={R51}}
@article{Zook_2018, title={Reproducible integration of multiple sequencing datasets to form high-confidence SNP, indel, and reference calls for five human genome reference materials}, url={http://dx.doi.org/10.1101/281006}, DOI={10.1101/281006}, author={Zook, J and McDaniel, J and Parikh, H and Heaton, H and Irvine, SA and et al.}, year={2018}, month={Mar}}
@article{Wu_2012, title={Molecular basis for population variation: From SNPs to SAPs}, volume={586}, number={18}, journal={FEBS Letters},  author={Wu, J-R and Zeng, R}, year={2012}, month={Jul}, pages={2841–2845}}
@article{Miskew_Nichols_2016, title={Multi-exon Skipping Using Cocktail Antisense Oligonucleotides in the Canine X-linked Muscular Dystrophy}, number={111}, journal={Journal of Visualized Experiments}, author={Miskew Nichols, B and Aoki, Y and Kuraoka, M and Lee, JJA and Takeda, S and Yokota, T}, year={2016}, month={May}}
@article{Nguyen_2016, title={On the Pragmatic Equivalence between Representing Data and Phenomena}, volume={83}, number={2}, journal={Philosophy of Science}, author={Nguyen, J}, year={2016}, month={Apr}, pages={171–191}}
@article{Guyard_2017, title={DNA degrades during storage in formalin-fixed and paraffin-embedded tissue blocks}, volume={471}, number={4}, journal={Virchows Archiv}, author={Guyard, A and Boyez, A and Pujals, A and Robe, C and Tran Van Nhieu, J and et al.}, year={2017}, month={Aug}, pages={491–500}}
@article{Medina_Diaz_2016, title={Performance of Streck cfDNA Blood Collection Tubes for Liquid Biopsy Testing}, volume={11}, number={11}, journal={PLOS ONE}, author={Medina Diaz, I and Nocon, A and Mehnert, DH and Fredebohm, J and Diehl, F and Holtrup, F}, editor={Chan, Kelvin Yuen KwongEd}}
@online{Rincon_2014,  author = {Rincon, P},   title = {Science enters \$1,000 genome era. BBC News.},   year = {2014},  url = { https://www.bbc.co.uk/news/science-environment-25751958},  urldate = {2018-08-24}}
@online{Smith_2017b,  author = {Smith, C},   title = {Why I donated my entire genome sequence to the public. The conversation. Online: https://theconversation.com/why-i-donated-my-entire-genome-sequence-to-the-public-83741 [Accessed 14-03-2019]}, year = {September 17, 2017},  url = { https://theconversation.com/why-i-donated-my-entire-genome-sequence-to-the-public-83741 },  urldate = {2019-03-14}}
@article{Kaye_2015, title={Dynamic consent: a patient interface for twenty-first century research networks}, volume={23}, number={2}, journal={European Journal of Human Genetics}, author={Kaye, J and Whitley, EA and Lund, D and Morrison, M and Teare, H and Melham, K}, year={2015}, month={May}, pages={141–146}}
@online{RadboudUMC_2018,  author = {Radboud UMC},   title = {Pooling resources for diangostics of the future, Online: https://www.radboudumc.nl/en/news/2018/pooling-resources-for-diagnostics-of-the-future [Accessed 14-03-2019]},   year = {16 january 2018},  url = {https://www.radboudumc.nl/en/news/2018/pooling-resources-for-diagnostics-of-the-future},  urldate = {14-03-2019}}
@online{SolveRD_nd,  author = {no author},   title = {Solve RD},   year = {no date, http://solve-rd.eu/ [Accessed 14-03-2019]},  url = {http://solve-rd.eu/},  urldate = {14-03-2019}}
@online{Barry_2016,  author = {Barry, D},   title = {There is nothing more personal than your genome, TedXSanDiego. Online video},   year = {2016},  url = {https://www.youtube.com/watch?v=M3SLHhWYxiY },  urldate = {08-06-2018}}
@article{Bin_2018, title={Genetic risk in insurance field}, volume={13}, number={1}, journal={Open Medicine}, author={Bin, P and Capasso, E and Paternoster, M and Fedeli, P and Policino, F and et al.}, year={2018}, month={Aug}, pages={294–297}}
@article{Erlich_2018, title={Identity inference of genomic data using long-range familial searches}, volume={362}, number={6415}, journal={Science}, author={Erlich, Y and Shor, T and Pe’er, I and Carmi, S}, year={2018}, month={Oct}, pages={690–694}}
@article{Kim_2018, title={Statistical Detection of Relatives Typed with Disjoint Forensic and Biomedical Loci}, volume={175}, number={3}, journal={Cell}, author={Kim, J and Edge, MD and Algee-Hewitt, BFB and Li, JZ and Rosenberg, NA}, year={2018}, month={Oct}, pages={848–858.e6}}
@article{Heaton_2015, title={Attitudes towards the sharing of genetic information with at-risk relatives\: results of a quantitative survey}, volume={135}, number={1}, journal={Human Genetics}, author={Heaton, TJ and Chico, V}, year={2015}, month={Nov}, pages={109–120}}
@article{Dheensa_2016, title={“Is this knowledge mine and nobody else”s? I don’t feel that.’ Patient views about consent, confidentiality and information-sharing in genetic medicine: Table 1}, volume={42}, number={3}, journal={Journal of Medical Ethics}, author={Dheensa, S and Fenwick, A and Lucassen, A}, year={2016}, month={Jan}, pages={174–179}}
@article{Sijmons_2011, title={A Clinical Perspective on Ethical Issues in Genetic Testing}, volume={18}, number={3}, journal={Accountability in Research}, author={Sijmons, RH and Van Langen, IM and Sijmons, JG}, year={2011}, month={May}, pages={148–162}}
@article{Knoppers_1998, volume={62}, number={2}, journal={The American Journal of Human Genetics}, year={1998}, month={Feb}, pages={474–483}, title={ASHG statement. Professional disclosure of familial genetic information}, author={The American Society of Human Genetics Social Issues Subcommittee on Familial Disclosure}} 
@article{Chisholm_2017, title={Reinterpretation of sequence variants: one diagnostic laboratory’s experience, and the need for standard guidelines}, volume={20}, number={3}, journal={Genetics in Medicine}, author={Chisholm, C and Daoud, H and Ghani, M and Mettler, G and McGowan-Jordan, J and et al.}, year={2017}, month={Dec}, pages={365–368}}
@article{Carrieri_2018, title={Recontacting patients in clinical genetics services: recommendations of the European Society of Human Genetics}, volume={27}, number={2}, journal={European Journal of Human Genetics}, author={Carrieri, D and Howard, HC and Benjamin, C and Clarke, AJ and Dheensa, S and et al.}, year={2018}, month={Oct}, pages={169–182}}
@article{Shah_2018, title={Identification of Misclassified ClinVar Variants via Disease Population Prevalence}, volume={102}, number={4}, journal={The American Journal of Human Genetics}, author={Shah, N and Hou, Y-CC and Yu, H-C and Sainger, R and Caskey, CT and et al.}, year={2018}, month={Apr}, pages={609–619}}
@article{Baccarani_2013, title={European LeukemiaNet recommendations for the management of chronic myeloid leukemia: 2013}, volume={122}, number={6}, journal={Blood}, author={Baccarani, M and Deininger, MW and Rosti, G and Hochhaus, A and Soverini, S and et al.}, year={2013}, month={Jun}, pages={872–884}}
@article{Marum_2016, title={Current developments in molecular monitoring in chronic myeloid leukemia}, volume={7}, number={5}, journal={Therapeutic Advances in Hematology}, author={Marum, JE and Branford, S}, year={2016}, month={Jul}, pages={237–251}}
@article{Motyckova_2010, title={The Role of Molecular Tests in Acute Myelogenous Leukemia Treatment Decisions}, volume={5}, number={2}, journal={Current Hematologic Malignancy Reports}, author={Motyckova, G and Stone, RM}, year={2010}, month={Mar}, pages={109–117}}
@article{Dalpe_2017, title={Breast Cancer Risk Estimation and Personal Insurance: A Qualitative Study Presenting Perspectives from Canadian Patients and Decision Makers}, volume={8}, journal={Frontiers in Genetics}, author={Dalpé, G and Ngueng Feze, I and Salman, S and Joly, Y and Hagan, J and et al.}, year={2017}, month={Sep}}
@article{Fulda_2006, title={Ethical issues in predictive genetic testing: a public health perspective}, volume={32}, number={3}, journal={Journal of Medical Ethics}, author={Fulda, KG}, year={2006}, month={Mar}, pages={143–147}}
@article{Wentzensen_2018, title={Population Testing for High Penetrance Genes: Are We There Yet?}, volume={110}, number={7}, journal={JNCI: Journal of the National Cancer Institute}, author={Wentzensen, N and Berg, CD}, year={2018}, month={Feb}, pages={687–689}}
@article{Kalia_2016, title={Recommendations for reporting of secondary findings in clinical exome and genome sequencing, 2016 update (ACMG SF v2.0): a policy statement of the American College of Medical Genetics and Genomics}, volume={19}, number={2}, journal={Genetics in Medicine}, author={Kalia, SS and Adelman, K and Bale, SJ and Chung, WK and Eng, C and et al.}, year={2016}, month={Nov}, pages={249–255}}
@article{Vicari_2017, title={Twitter and Non-Elites: Interpreting Power Dynamics in the Life Story of the (\#)BRCA Twitter Stream}, volume={3}, number={3}, journal={Social Media + Society}, author={Vicari, S}, year={2017}, month={Jul}, pages={205630511773322}}
@article{Nabi_2017, title={Increased Use of BRCA Mutation Test in Unaffected Women Over the Period 2004–2014 in the U.S.: Further Evidence of the “Angelina Jolie Effect”?}, volume={53}, number={5}, journal={American Journal of Preventive Medicine}, author={Nabi, H and Dorval, M and Chiquette, J and Simard, J}, year={2017}, month={Nov}, pages={e195–e196}}
@article{Crombag_2016, title={Reasons for accepting or declining Down syndrome screening in Dutch prospective mothers within the context of national policy and healthcare system characteristics: a qualitative study}, volume={16}, number={1}, journal={BMC Pregnancy and Childbirth}, author={Crombag, NMTH and Boeije, H and Iedema-Kuiper, R and Schielen, PCJI and Visser, GHA and Bensing, JM}, year={2016}, month={May}}
@article{Chitty_2018, title={Current controversies in prenatal diagnosis 2: Cell-free DNA prenatal screening should be used to identify all chromosome abnormalities}, volume={38}, number={3}, journal={Prenatal Diagnosis}, author={Chitty, LS and Hudgins, L and Norton, ME}, year={2018}, month={Feb}, pages={160–165}}
@book{Foucault_1978, title={Discipline and punish: the birth of a prison}, author={Foucault, M. Translated by Alan Sheridan}, year={1978}, publisher={Pantheon Books},address={New York}}
@online{Joachim_2017,  author = {Joachim, D},   title = {Bare fire i Danmark valgte å beholde barn med Downs syndrom i 2016}, year = { Menneskeverd Online:2017},  url = {https://www.menneskeverd.no/2017/12/06/fire-danmark-valgte-a-beholde-barn-downs-syndrom-2016/},  urldate = {19-05-2018}}
@article{Wolf_2015, title={The New World of Genomic Testing and Family Privacy}, journal={Minn Med}, volume={98(6)}, pages={32-34}, author={Wolf, SM}, year={2015}}
@online{erfelijkheid.nl_nd,  author = {no author},   title = {verzekeringen bij erfelijke ziektes},   year = {no date, www.erfelijkheid.nl/erfelijk-en-dan/verzekeringen-en-erfelijke-ziektes [Visited on 10-05-2018]},  url = {https://www.erfelijkheid.nl/erfelijk-en-dan/verzekeringen-en-erfelijke-ziektes},  urldate = {10-05-2018}}
@online{Kastberg_2015,  author = {Kastberg, BI},   title = {Om 30 år er Downs syndrom udryddet},   year = {DR Nyheder 19 october 2015},  url = {https://www.dr.dk/nyheder/indland/om-30-aar-er-downs-syndrom-udryddet },  urldate = {18-05-2018}}
@online{niptconsortium_2017a,  author = {NIPT consortium },   title = {Trident-2 studie. Online: https://niptconsortium.nl/studies/trident-2-studie/. Visited 11-05-2018},   year = {2017},  url = {https://niptconsortium.nl/studies/trident-2-studie/},  urldate = {11-05-2018}}
@inbook{Harbers_2005, title={The Cultural Politics of Prenatal Screening}, booktitle={Inside the Politics of Technology}, editor={Harbers H}, author={Harbers, H and Popkema, M}, year={2005}, publisher={Amsterdam University Press},address={Amsterdam},pages={229-256}}
@article{Rolfes_2016, title={Unfair discrimination in prenatal aneuploidy screening using cell-free DNA?}, volume={198},  journal={European Journal of Obstetrics \& Gynecology and Reproductive Biology}, author={Rolfes, V and Schmitz, D}, year={2016}, month={Mar}, pages={27–29}}
@article{Kater_Kuipers_2018, title={Ethics of routine: a critical analysis of the concept of “routinisation” in prenatal screening}, volume={44},  number={9}, journal={Journal of Medical Ethics}, author={Kater-Kuipers, A and de Beaufort, ID and Galjaard, R-JH and Bunnik, EM}, year={2018}, month={Apr}, pages={626–631}}
@article{Lou_2018, title={National screening guidelines and developments in prenatal diagnoses and live births of Down syndrome in 1973-2016 in Denmark}, volume={97}, number={2}, journal={Acta Obstetricia et Gynecologica Scandinavica}, author={Lou, S and Petersen, OB and Jørgensen, FS and Lund, ICB and Kjaergaard, S and Vogel, I}, year={2018}, month={Jan}, pages={195–203}}
@article{Ekelund_2008, title={Impact of a new national screening policy for Down’s syndrome in Denmark: population based cohort study}, volume={337}, number={nov27 2}, journal={BMJ}, author={Ekelund, CK and Jorgensen, FS and Petersen, OB and Sundberg, K and Tabor, A}, year={2008}, month={Nov}, pages={a2547–a2547}}
@article{Kelly_2009, title={Choosing not to choose: reproductive responses of parents of children with genetic conditions or impairments}, volume={31}, number={1}, journal={Sociology of Health \& Illness}, author={Kelly, SE}, year={2009}, month={Jan}, pages={81–97}}
@article{Amorim_Costa_2017, title={Non‐invasive prenatal screening for chromosomal abnormalities using circulating cell-free fetal DNA in maternal plasma: Current applications, limitations and prospects}, volume={18}, number={1}, journal={Egyptian Journal of Medical Human Genetics}, author={Amorim Costa, C}, year={2017}, month={Jan}, pages={1–7}}
@article{Stephenson_2017, title={“Simply providing information”: Negotiating the ethical dilemmas of obstetric ultrasound, prenatal testing and selective termination of pregnancy}, volume={27}, number={1}, journal={Feminism \& Psychology}, author={Stephenson, N and Mills, C and McLeod, K}, year={2017}, month={Feb}, pages={72–91}}
@article{Bahtiyar_2015, title={Screening for Congenital Heart Disease During Anatomical Survey Ultrasonography}, volume={42}, number={2}, journal={Obstetrics and Gynecology Clinics of North America}, author={Bahtiyar, MO and Copel, JA}, year={2015}, month={Jun}, pages={209–223}}
@article{Platt_2013, title={Should the first trimester ultrasound include anatomy survey?}, volume={37}, number={5}, journal={Seminars in Perinatology}, author={Platt, LD}, year={2013}, month={Oct}, pages={310–322}}
@article{Bjerregaard_2017, title={The rate of invasive testing for trisomy 21 is reduced after implementation of NIPT}, journal={Dan. Med. J.}, volume={64(4)}, pages={2-5}, author={Bjerregaard, L and Stenbakken, AB and Andersen, CS and Kristensen, L and Jensen, CV and et al.}, year={2017}}
@online{niptconsortium_2018,  author = {NIPT consortium },   title = {NIPT beschikbaar voor alle zwangeren: resultaten eerste jaar}, year = {18 june 2018},  url = {https://niptconsortium.nl/nieuws/nipt-beschikbaar-voor-alle-zwangeren-resultaten-eerste-jaar/},  urldate = {15-03-2019}}
@article{Hasin_2017, title={Multi-omics approaches to disease}, volume={18}, number={1}, journal={Genome Biology}, publisher={Springer Nature}, author={Hasin, Y and Seldin, M and Lusis, A}, year={2017}, month={May}}
@article{Dancey_2012, title={The Genetic Basis for Cancer Treatment Decisions}, volume={148}, number={3}, journal={Cell}, author={Dancey, JE and Bedard, PL and Onetto, N and Hudson, TJ}, year={2012}, month={Feb}, pages={409–420}}
@article{Zhang_2018, title={Gene detection: An essential process to precision medicine}, volume={99}, journal={Biosensors and Bioelectronics}, author={Zhang, H and Liu, X and Liu, M and Gao, T and Huang, Y and et al.}, year={2018}, month={Jan}, pages={625–636}}
@article{Johnson_2017, title={Real-Time DNA Sequencing in the Antarctic Dry Valleys Using the Oxford Nanopore Sequencer}, journal={Journal of Biomolecular Techniques}, author={Johnson, SS and Zaikova, E and Goerlitz, DS and Bai, Y and Tighe, SW}, year={2017}, month={Apr}, pages={jbt.17–2801–009}}
@article{Roberts_2012, title={Point-of-care genetic testing for personalisation of antiplatelet treatment (RAPID GENE): a prospective, randomised, proof-of-concept trial}, volume={379},  number={9827}, journal={The Lancet}, author={Roberts, JD and Wells, GA and Le May, MR and Labinaz, M and Glover, C and et al.}, year={2012}, month={May}, pages={1705–1711}}
@article{Tilley_2018, title={Placental CpG methylation of infants born extremely preterm predicts cognitive impairment later in life}, volume={13}, number={3}, journal={PLOS ONE}, author={Tilley, SK and Martin, EM and Smeester, L and Joseph, RM and Kuban, KCK and et al.}, editor={Afink, GB}, year={2018}, month={Mar}, pages={e0193271}}
@article{Kotzot_2007, title={Prenatal testing for uniparental disomy: indications and clinical relevance}, volume={31}, number={1}, journal={Ultrasound in Obstetrics and Gynecology}, author={Kotzot, D}, year={2007}, pages={100–105}}
@article{Zhu_2017, title={Single-cell DNA methylome sequencing of human preimplantation embryos}, volume={50},  number={1}, journal={Nature Genetics}, author={Zhu, P and Guo, H and Ren, Y and Hou, Y and Dong, J and et al.}, year={2017}, month={Dec}, pages={12–19}}
@article{Jain_2016, title={Fetal genome profiling at 5 weeks of gestation after noninvasive isolation of trophoblast cells from the endocervical canal}, volume={8}, number={363}, journal={Science Translational Medicine}, author={Jain, CV and Kadam, L and van Dijk, M and Kohan-Ghadr, H-R and Kilburn, BA and et al.}, year={2016}, month={Nov}, pages={363re4–363re4}}
@article{Jang_2018, title={Targeted linked-read sequencing for direct haplotype phasing of maternal DMD alleles: a practical and reliable method for noninvasive prenatal diagnosis}, volume={8}, number={1}, journal={Scientific Reports}, author={Jang, SS and Lim, BC and Yoo, S-K and Shin, J-Y and Kim, K-J and et al.}, year={2018}, month={Jun}}
@article{Vermeulen_2017, title={Sensitive Monogenic Noninvasive Prenatal Diagnosis by Targeted Haplotyping}, volume={101}, number={3}, journal={The American Journal of Human Genetics}, author={Vermeulen, C and Geeven, G and de Wit, E and Verstegen, MJAM and Jansen, RPM and et al.}, year={2017}, month={Sep}, pages={326–339}}
@article{Zhang_2019, title={Non-invasive prenatal sequencing for multiple Mendelian monogenic disorders using circulating cell-free fetal DNA}, volume={25}, number={3}, journal={Nature Medicine}, author={Zhang, J and Li, J and Saucier, JB and Feng, Y and Jiang, Y and et al.}, year={2019}, month={Jan}, pages={439–447}}
@article{Nygren_2010, title={Quantification of Fetal DNA by Use of Methylation-Based DNA Discrimination}, volume={56}, number={10}, journal={Clinical Chemistry}, author={Nygren, AOH and Dean, J and Jensen, TJ and Kruse, S and Kwong, W and et al.}, year={2010}, month={Aug}, pages={1627–1635}}
@article{van_Beek_2017, title={Comparing methods for fetal fraction determination and quality control of NIPT samples}, volume={37}, number={8}, journal={Prenatal Diagnosis}, author={van Beek, DM and Straver, R and Weiss, MM and Boon, EMJ and Huijsdens-van Amsterdam, K and et al.}, year={2017}, month={Jul}, pages={769–773}}
@article{Sun_2018a, title={Size-tagged preferred ends in maternal plasma DNA shed light on the production mechanism and show utility in noninvasive prenatal testing}, volume={115}, number={22}, journal={Proceedings of the National Academy of Sciences}, publisher={Proceedings of the National Academy of Sciences}, author={Sun, K and Jiang, P and Wong, AIC and Cheng, YKY and Cheng, SH and et al.}, year={2018}, month={May}, pages={E5106–E5114}}
@article{Yu_2016, title={Combined Count- and Size-Based Analysis of Maternal Plasma DNA for Noninvasive Prenatal Detection of Fetal Subchromosomal Aberrations Facilitates Elucidation of the Fetal and/or Maternal Origin of the Aberrations}, volume={63}, number={2}, journal={Clinical Chemistry}, author={Yu, SCY and Jiang, P and Chan, KCA and Faas, BHW and Choy, KW and et al.}, year={2016}, month={Dec}, pages={495–502}}
@article{Yu_2014b, title={Size-based molecular diagnostics using plasma DNA for noninvasive prenatal testing}, volume={111}, number={23}, journal={Proceedings of the National Academy of Sciences}, author={Yu, SCY and Chan, KCA and Zheng, YWL and Jiang, P and Liao, GJW and et al.}, year={2014}, month={May}, pages={8583–8588}}
@article{Peng_2017, title={Bioinformatics Approaches for Fetal DNA Fraction Estimation in Noninvasive Prenatal Testing}, volume={18}, number={2}, journal={International Journal of Molecular Sciences}, author={Peng, X and Jiang, P}, year={2017}, month={Feb}, pages={453}}
@article{Brady_2015, title={Clinical implementation of NIPT - technical and biological challenges}, volume={89}, number={5}, journal={Clinical Genetics}, author={Brady, P and Brison, N and Van Den Bogaert, K and de Ravel, T and Peeters, H and et al.}, year={2015}, month={May}, pages={523–530}}
@article{Stokowski_2015, title={Clinical performance of non-invasive prenatal testing (NIPT) using targeted cell-free DNA analysis in maternal plasma with microarrays or next generation sequencing (NGS) is consistent across multiple controlled clinical studies}, volume={35}, number={12}, journal={Prenatal Diagnosis}, author={Stokowski, R and Wang, E and White, K and Batey, A and Jacobsson, B and et al.}, year={2015}, month={Oct}, pages={1243–1246}}
@article{van_den_Oever_2012, title={Single Molecule Sequencing of Free DNA from Maternal Plasma for Noninvasive Trisomy 21 Detection}, volume={58}, number={4}, journal={Clinical Chemistry}, author={van den Oever, JME and Balkassmi, S and Verweij, EJ and van Iterson, M and van Scheltema, PNA and et al.}, year={2012}, month={Jan}, pages={699–706}}
@article{Wang_2018, title={The 3D Genome Browser: a web-based browser for visualizing 3D genome organization and long-range chromatin interactions}, volume={19}, number={1}, journal={Genome Biology}, author={Wang, Y and Song, F and Zhang, B and Zhang, L and Xu, J and et al.}, year={2018}, month={Oct}}
@article{de_Wit_2012, title={A decade of 3C technologies: insights into nuclear organization}, volume={26}, number={1}, journal={Genes \& Development}, author={de Wit, E and de Laat, W}, year={2012}, month={Jan}, pages={11–24}}
@article{Krumm_2018, title={Understanding the 3D genome: Emerging impacts on human disease}, journal={Seminars in Cell \& Developmental Biology}, author={Krumm, A and Duan, Z}, year={2018}, month={Jul}}
@article{Franke_2016, title={Formation of new chromatin domains determines pathogenicity of genomic duplications}, volume={538}, number={7624}, journal={Nature}, author={Franke, M and Ibrahim, DM and Andrey, G and Schwarzer, W and Heinrich, V and et al.}, year={2016}, month={Oct}, pages={265–269}}
@article{Lussier_2018, title={DNA methylation as a predictor of fetal alcohol spectrum disorder}, volume={10}, number={1}, journal={Clinical Epigenetics}, author={Lussier, AA and Morin, AM and MacIsaac, JL and Salmon, J and Weinberg, J and et al.}, year={2018}, month={Jan}}
@article{Jin_2018, title={DNA methylation in human diseases}, volume={5}, number={1}, journal={Genes \& Diseases}, author={Jin, Z and Liu, Y}, year={2018}, month={Mar}, pages={1–8}}
@article{Kuderna_2019, title={Selective single molecule sequencing and assembly of a human Y chromosome of African origin}, volume={10}, number={1}, journal={Nature Communications}, author={Kuderna, LFK and Lizano, E and Julià, E and Gomez-Garrido, J and Serres-Armero, A and et al.}, year={2019}, month={Jan}}
@article{Ma_2018, title={Hybrid assembly of ultra-long Nanopore reads augmented with 10x-Genomics contigs: Demonstrated with a human genome}, journal={Genomics}, author={Ma, Z and Li, L and Ye, C and Peng, M and Zhang, Y-P}, year={2018}, month={Dec}}
@article{Pendleton_2015, title={Assembly and diploid architecture of an individual human genome via single-molecule technologies}, volume={12}, number={8}, journal={Nature Methods}, author={Pendleton, M and Sebra, R and Pang, AWC and Ummat, A and Franzen, O and et al.}, year={2015}, month={Jun}, pages={780–786}}
@article{Mostovoy_2016, title={A hybrid approach for de novo human genome sequence assembly and phasing}, volume={13}, number={7}, journal={Nature Methods}, author={Mostovoy, Y and Levy-Sakin, M and Lam, J and Lam, ET and Hastie, AR and et al.}, year={2016}, month={May}, pages={587–590}}
@article{Shin_2018, title={Assembly of Mb-size genome segments from linked read sequencing of CRISPR DNA targets}, url={http://dx.doi.org/10.1101/373142}, DOI={10.1101/373142}, author={Shin, G and Greer, SU and Xia, LC and Lee, H and Zhou, J and et al.}, year={2018}, month={Jul}}
@article{Zook_2014, title={Integrating human sequence data sets provides a resource of benchmark SNP and indel genotype calls}, volume={32}, number={3}, journal={Nature Biotechnology}, author={Zook, JM and Chapman, B and Wang, J and Mittelman, D and Hofmann, O and et al.}, year={2014}, month={Feb}, pages={246–251}}
@article{Rang_2018, title={From squiggle to basepair: computational approaches for improving nanopore sequencing read accuracy}, volume={19}, number={1}, journal={Genome Biology}, author={Rang, FJ and Kloosterman, WP and de Ridder, J}, year={2018}, month={Jul}}
@article{Laehnemann_2015, title={Denoising DNA deep sequencing data—high-throughput sequencing errors and their correction}, volume={17}, number={1}, journal={Briefings in Bioinformatics}, author={Laehnemann, D and Borkhardt, A and McHardy, AC}, year={2015}, month={May}, pages={154–179}}
@online{Hon_2016,  author = {Hon, LS and Tsay, Y-C and Kujawa, S and Splinter, E and Simonis, M and et al.}, title = {Targeted Sequencing and Chromosomal Haplotype Assembly Using Cergentis TLA Technology with SMRT \(R\) Sequencing \[Poster\]}, year = {2016},  url = {https://www.pacb.com/wp-content/uploads/chromosomal-scale-targeted-haplotype-assembly-long-range-data-from-tla-smrt-sequencing.pdf},  urldate = {15-03-2019}}
@online{Bionanogenomics_2018,  author = {Bionano Genomics },  title = {Hybrid Scaffolding Improves Genome Assembly Accuracy and Contiguity},   year = {2018},  url = {https://bionanogenomics.com/wp-content/uploads/2017/02/Bionano_HumanPAG_Hybrid-Scaffolding-White-Paper.pdf},  urldate = {15-03-2019}}
@online{10xGenomics_nd,  author = {10xGenomics},  title = {The Chromium Genome Sequencing Solution},  year = {2018},  url = { https://www.10xgenomics.com/solutions/genome/},  urldate = {24-08-2018}}
@online{Birkenhead_2018,  author = {Birkenhead, R},   title = {RevoluGen will deliver leading DNA extraction kit to market},   year = {25-04-2018},  url = {http://revolugen.co.uk/news/revolugen-will-deliver-leading-dna-extraction-kit-market/},  urldate = {12-02-2019}}
@article{Adams_2008, title={Imprinting and genetic disease: Angelman, Prader-Willi and Beckwith-Weidemann syndromes}, journal={Nature Education}, volume={1(1)}, pages={129}, author={Adams, J}, year={2008}}
@online{Liu_2019,  author = {Liu, KJ and Kim, M and Fedak, R and Kilburn, D and Burke, JM and et al.},   title = {Rapid high MW DNA extraction from plant, insect, cell and tissue samples for long-read sequencing using nanobind magnetic disks \[Poster abstract\]},   year = {2019},  url = {https://pag.confex.com/pag/xxvii/meetingapp.cgi/Paper/35580},  urldate = {15-03-2019}}
@online{Nanopore_2018,  author = {No author},  title = {Which nanopore device is best for you? Online: https://nanoporetech.com/products/comparison. Visited on 15-03-2019},   year = {2018},  url = { https://nanoporetech.com/products/comparison},  urldate = {15-03-2019}}
@article{Pollard_2018, title={Long reads: their purpose and place}, volume={27}, number={R2}, journal={Human Molecular Genetics}, author={Pollard, MO and Gurdasani, D and Mentzer, AJ and Porter, T and Sandhu, MS}, year={2018}, month={May}, pages={R234–R241}}
@article{Gong_2018, title={Picky comprehensively detects high-resolution structural variants in nanopore long reads}, volume={15}, number={6}, journal={Nature Methods}, author={Gong, L and Wong, C-H and Cheng, W-C and Tjong, H and Menghi, F and et al.}, year={2018}, month={Apr}, pages={455–460}}
@article{Ameur_2018, title={De Novo Assembly of Two Swedish Genomes Reveals Missing Segments from the Human GRCh38 Reference and Improves Variant Calling of Population-Scale Sequencing Data}, volume={9}, number={10}, journal={Genes}, author={Ameur, A and Che, H and Martin, M and Bunikis, I and Dahlberg, J and et al.}, year={2018}, month={Oct}, pages={486}}
@article{van_Dijk_2018, title={The Third Revolution in Sequencing Technology}, volume={34}, number={9}, journal={Trends in Genetics}, author={van Dijk, EL and Jaszczyszyn, Y and Naquin, D and Thermes, C}, year={2018}, month={Sep}, pages={666–681}}
@article{Chaisson_2014, title={Resolving the complexity of the human genome using single-molecule sequencing}, volume={517}, number={7536}, journal={Nature}, author={Chaisson, MJP. and Huddleston, J and Dennis, MY and Sudmant, PH and Malig, M and et al.}, year={2014}, month={Nov}, pages={608–611}}
@article{Tan_2012, title={A Novel Long-Range PCR Sequencing Method for Genetic Analysis of the Entire PKD1 Gene}, volume={14}, number={4}, journal={The Journal of Molecular Diagnostics},  author={Tan, Y-C and Michaeel, A and Blumenfeld, J and Donahue, S and Parker, T and et al.}, year={2012}, month={Jul}, pages={305–313}}
@article{Price_2018, title={Abstract 3395: A scalable microfluidic platform for determining cellular heterogeneity by copy number detection}, volume={78}, number={13 Supplement}, journal={Cancer Research}, author={Price, A and Sorenson, J and Belhocine, K and Catalanotti, C and Dzakula, Z and et al.}, year={2018}, month={Jul}, pages={3395–3395}}
@article{van_den_Bos_2018, title={Single-cell sequencing to quantify genomic integrity in cancer}, volume={94}, journal={The International Journal of Biochemistry \& Cell Biology}, author={van den Bos, H and Bakker, B and Spierings, DCJ and Lansdorp, PM and Foijer, F}, year={2018}, month={Jan}, pages={146–150}}
@article{Said_Mohammed_2018, title={Evaluating the performance of tools used to call minority variants from whole genome short-read data}, volume={3}, journal={Wellcome Open Research}, author={Said Mohammed, K and Kibinge, N and Prins, P and Agoti, CN and Cotten, M and et al.}, year={2018}, month={Sep}, pages={21}}
@article{Huang_2017, title={MosaicHunter: accurate detection of postzygotic single-nucleotide mosaicism through next-generation sequencing of unpaired, trio, and paired samples}, volume={45}, number={10}, journal={Nucleic Acids Research}, author={Huang, AY and Zhang, Z and Ye, AY and Dou, Y and Yan, L and et al.}, year={2017}, month={Jan}, pages={e76–e76}}
@article{Wilm_2012, title={LoFreq: a sequence-quality aware, ultra-sensitive variant caller for uncovering cell-population heterogeneity from high-throughput sequencing datasets}, volume={40}, number={22}, journal={Nucleic Acids Research}, author={Wilm, A and Aw, PPK and Bertrand, D and Yeo, GHT and Ong, SH and et al.}, year={2012}, month={Oct}, pages={11189–11201}}
@article{Stahlberg_2017, title={Simple multiplexed PCR-based barcoding of DNA for ultrasensitive mutation detection by next-generation sequencing}, volume={12}, number={4}, journal={Nature Protocols}, author={Ståhlberg, A and Krzyzanowski, PM and Egyud, M and Filges, S and Stein, L and Godfrey, TE}, year={2017}, month={Mar}, pages={664–682}}
@article{Hiatt_2013, title={Single molecule molecular inversion probes for targeted, high-accuracy detection of low-frequency variation}, volume={23}, number={5}, journal={Genome Research}, author={Hiatt, JB and Pritchard, CC and Salipante, SJ and O’Roak, BJ and Shendure, J}, year={2013}, month={Feb}, pages={843–854}}
@article{Rausch_2012, title={DELLY: structural variant discovery by integrated paired-end and split-read analysis}, volume={28}, number={18}, journal={Bioinformatics}, author={Rausch, T and Zichner, T and Schlattl, A and Stutz, AM and Benes, V and Korbel, JO}, year={2012}, month={Sep}, pages={i333–i339}}
@article{Meienberg_2016, title={Clinical sequencing: is WGS the better WES?}, volume={135}, number={3}, journal={Human Genetics}, author={Meienberg, J and Bruggmann, R and Oexle, K and Matyas, G}, year={2016}, month={Jan}, pages={359–362}}
@article{Mayosi_2017, title={Identification of Cadherin 2 \(CDH2\) Mutations in Arrhythmogenic Right Ventricular Cardiomyopathy}, volume={10}, number={2}, journal={Circulation: Cardiovascular Genetics},  author={Mayosi, BM and Fish, M and Shaboodien, G and Mastantuono, E and Kraus, S and et al.}, year={2017}, month={Apr}}
@article{Hayward_2018, title={Beyond screening for chromosomal abnormalities: Advances in non-invasive diagnosis of single gene disorders and fetal exome sequencing}, volume={23}, number={2}, journal={Seminars in Fetal and Neonatal Medicine}, author={Hayward, J and Chitty, LS}, year={2018}, month={Apr}, pages={94–101}}
@article{Bowman_Smart_2019, title={“Is it better not to know certain things?”: views of women who have undergone non-invasive prenatal testing on its possible future applications}, journal={Journal of Medical Ethics}, publisher={BMJ}, author={Bowman-Smart, H and Savulescu, J and Mand, C and Gyngell, C and Pertile, MD and et al.}, year={2019}, month={Jan}, pages={medethics–2018–105167}}
@online{Visser_2014,  author = {de Visser, E},   title = {Aanstaande moeders trekken naar België, voor de zekerheid},   year = {Volkskrant 6 december 2014},  url = {https://www.volkskrant.nl/wetenschap/aanstaande-moeders-trekken-naar-belgie-voor-de-zekerheid~ba67a4b1/ },  urldate = {21-01-2019}}
@online{Wetterstrand_2018,  author = {Wetterstrand, KA},   title = {DNA Sequencing Costs: Data from the NHGRI Genome Sequencing Program \(GSP\)},   year = {April 25 2018},  url = {www.genome.gov/sequencingcostsdata},  urldate = {12-02-2019}}
@article{Michalatos_Beloin_1996, title={Molecular haplotyping of genetic markers 10 kb apart by allele-specific long-range PCR}, journal={Nucleic Acids Res.}, volume={24(23)}, pages={4841-4843}, author={Michalatos-Beloin, S and Tishkoff, SA and Bentley, KL and Kidd, KK and Ruano, G}, year={1996}}
@article{Green_2013, title={ACMG recommendations for reporting of incidental findings in clinical exome and genome sequencing}, volume={15}, number={7}, journal={Genetics in Medicine}, author={Green, RC and Berg, JS and Grody, WW. and Kalia, SS and Korf, BR and et al.}, year={2013}, month={Jun}, pages={565–574}}
@article{Calonge_2013, title={The EGAPP initiative: lessons learned}, volume={16}, number={3}, journal={Genetics in Medicine}, year={2013}, month={Aug}, pages={217–224}, author={Evaluation of Genomic Applications in Practice and Prevention \(EGAPP\) Working Group}}
@article{van_El_2013, title={Whole-genome sequencing in health care}, volume={21}, journal={European Journal of Human Genetics}, author={van El, CG and Cornel, MC and Borry, P and Hastings, RJ and Fellmann, F and et al.}, year={2013}, month={Jun}, pages={S1–S5}}
@article{Wouters_2018, title={Is It Our Duty To Hunt for Pathogenic Mutations?}, volume={24}, number={1}, journal={Trends in Molecular Medicine}, author={Wouters, RHP and Bijlsma, RM and Frederix, GWJ and Ausems, MGEM and van Delden, JJM and et al.}, year={2018}, month={Jan}, pages={3–6}}
@article{Shkedi_Rafid_2014, title={Defining and managing incidental findings in genetic and genomic practice}, volume={51}, number={11}, journal={Journal of Medical Genetics}, author={Shkedi-Rafid, S and Dheensa, S and Crawford, G and Fenwick, A and Lucassen, A}, year={2014}, month={Sep}, pages={715–723}}
@article{Mackley_2016, title={Stakeholder views on secondary findings in whole-genome and whole-exome sequencing: a systematic review of quantitative and qualitative studies}, volume={19}, number={3}, journal={Genetics in Medicine}, author={Mackley, MP and Fletcher, B and Parker, M and Watkins, H and Ormondroyd, E}, year={2016}, month={Sep}, pages={283–293}}
@article{Pujol_2018, title={Guidelines for reporting secondary findings of genome sequencing in cancer genes: the SFMPP recommendations}, volume={26}, number={12}, journal={European Journal of Human Genetics}, author={Pujol, P and Vande Perre, P and Faivre, L and Sanlaville, D and Corsini, C and et al.}, year={2018}, month={Aug}, pages={1732–1742}}
@article{Hart_2018, title={Secondary findings from clinical genomic sequencing: prevalence, patient perspectives, family history assessment, and health-care costs from a multisite study}, journal={Genetics in Medicine}, author={Hart, MR and Biesecker, BB and Blout, CL and Christensen, KD and Amendola, LM and et al.}, year={2018}, month={Oct}}
@article{Petrij_Bosch_1997, title={BRCA1 genomic deletions are major founder mutations in Dutch breast cancer patients}, volume={17}, number={3}, journal={Nature Genetics}, author={Petrij-Bosch, A and Peelen, T and van Vliet, M and Eijk, R van and Olmer, R and et al.}, year={1997}, month={Nov}, pages={341–345}}
@article{Bayley_2009, title={The first Dutch SDHB founder deletion in paraganglioma – pheochromocytoma patients}, volume={10}, number={1}, journal={BMC Medical Genetics},  author={Bayley, J-P and Grimbergen, AEM and van Bunderen, PA and van der Wielen, M and Kunst, HP and et al.}, year={2009}, month={Apr}}
@article{Van_der_Auwera_2013, title={From FastQ Data to High-Confidence Variant Calls: The Genome Analysis Toolkit Best Practices Pipeline}, journal={Current Protocols in Bioinformatics}, publisher={John Wiley \& Sons, Inc.}, author={Van der Auwera, GA and Carneiro, MO and Hartl, C and Poplin, R and del Angel, G and et al.}, year={2013}, month={Oct}, pages={11.10.1–11.10.33}}
@article{Plagnol_2012, title={A robust model for read count data in exome sequencing experiments and implications for copy number variant calling}, volume={28}, number={21}, journal={Bioinformatics}, author={Plagnol, V and Curtis, J and Epstein, M and Mok, KY and Stebbings, E and et al.}, year={2012}, month={Aug}, pages={2747–2754}}
@article{James_1999b, author = {James, LA},title = {Comparative genomic hybridization as a tool in tumour cytogenetics}, journal={The Journal of Pathology}, volume= {187},number = {4},pages = {385-395},year = {1999}}
@article{Boone_2010, title={Detection of clinically relevant exonic copy-number changes by array CGH}, volume={31}, number={12}, journal={Human Mutation}, author={Boone, PM and Bacino, CA and Shaw, CA and Eng, PA and Hixson, PM and et al.} , year={2010}, month={Nov}, pages={1326–1342}}
@misc{Cancernet_2005,  author = {Cancer.net},   title = {Lynch syndrome: www.cancer.net/cancer-types/lynch-syndrome},   year = {2005-2018},  url = {www.cancer.net/cancer-types/lynch-syndrome},  urldate = {2019-01-04}}
@article{Okur_2017, title={The impact of hereditary cancer gene panels on clinical care and lessons learned}, volume={3}, number={6}, journal={Molecular Case Studies}, author={Okur, V and Chung, WK}, year={2017}, month={Nov}, pages={a002154}}
@article{DeRycke_2017, title={Targeted sequencing of 36 known or putative colorectal cancer susceptibility genes}, volume={5}, number={5}, journal={Molecular Genetics \& Genomic Medicine}, author={DeRycke, MS and Gunawardena, S and Balcom, JR and Pickart, AM and Waltman, LA and et al.}, year={2017}, month={Jul}, pages={553–569}}
@article{Concolino_2018, title={A comprehensive  BRCA1/2  NGS pipeline for an immediate Copy Number Variation (CNV) detection in breast and ovarian cancer molecular diagnosis}, volume={480}, journal={Clinica Chimica Acta}, author={Concolino, P and Rizza, R and Mignone, F and Costella, A and Guarino, D and et al.}, year={2018}, month={May}, pages={173–179}}
@article{Tung_2016, title={Frequency of Germline Mutations in 25 Cancer Susceptibility Genes in a Sequential Series of Patients With Breast Cancer}, volume={34}, number={13}, journal={Journal of Clinical Oncology}, author={Tung, N and Lin, NU and Kidd, J and Allen, BA and Singh, N and et al.}, year={2016}, month={May}, pages={1460–1468}}
@article{Thompson_2016, title={Panel Testing for Familial Breast Cancer: Calibrating the Tension Between Research and Clinical Care}, volume={34},  number={13}, journal={Journal of Clinical Oncology}, author={Thompson, ER and Rowley, SM and Li, N and McInerny, S and Devereux, L and et al.}, year={2016}, month={May}, pages={1455–1459}}
@article{Minion_2015, title={Hereditary predisposition to ovarian cancer, looking beyond BRCA1/BRCA2}, volume={137},  number={1}, journal={Gynecologic Oncology}, author={Minion, LE and Dolinsky, JS and Chase, DM and Dunlop, CL and Chao, EC and Monk, BJ}, year={2015}, month={Apr}, pages={86–92}}
@article{LaDuca_2014, title={Utilization of multigene panels in hereditary cancer predisposition testing: analysis of more than 2,000 patients}, volume={16}, number={11}, journal={Genetics in Medicine}, author={LaDuca, H and Stuenkel, AJ and Dolinsky, JS and Keiles, S and Tandy, S and et al.}, year={2014}, month={Apr}, pages={830–837}}
@article{Burke_2013, title={Recommendations for returning genomic incidental findings? We need to talk!}, volume={15}, number={11}, journal={Genetics in Medicine}, author={Burke, W and Matheny Antommaria, AH and Bennett, R and Botkin, J and Clayton, EW and et al.}, year={2013}, month={Aug}, pages={854–859}}
@article{Yu_2014, title={Attitudes of Genetics Professionals Toward the Return of Incidental Results from Exome and Whole-Genome Sequencing}, volume={95}, number={1}, journal={The American Journal of Human Genetics}, author={Yu, J-H and Harrell, TM and Jamal, SM and Tabor, HK and Bamshad, MJ}, year={2014}, month={Jul}, pages={77–84}}
@article{Haer_Wigman_2018, title={1 in 38 individuals at risk of a dominant medically actionable disease}, volume={27}, number={2}, journal={European Journal of Human Genetics}, author={Haer-Wigman, L and van der Schoot, V and Feenstra, I and Vulto-van Silfhout, AT and Gilissen, C and et al.}, year={2018}, month={Oct}, pages={325–330}}
@article{Tigchelaar_2015, title={Cohort profile: LifeLines DEEP, a prospective, general population cohort study in the northern Netherlands: study design and baseline characteristics}, volume={5}, number={8}, journal={BMJ Open}, author={Tigchelaar, EF and Zhernakova, A and Dekens, JAM and Hermes, G and Baranska, A and et al.}, year={2015}, month={Aug}, pages={e006772}}
@article{Johansson_2016b, title={CoNVaDING: Single Exon Variation Detection in Targeted NGS Data}, volume={37}, number={5}, journal={Human Mutation}, publisher={Wiley}, author={Johansson, LF and van Dijk, F and de Boer, EN and van Dijk-Bos, KK and Jongbloed, JDH and et al.}, year={2016}, month={Feb}, pages={457–464}}
@article{Palles_2012, title={Germline mutations affecting the proofreading domains of POLE and POLD1 predispose to colorectal adenomas and carcinomas}, volume={45}, number={2}, journal={Nature Genetics}, author={Palles, C and Cazier, J-B and Howarth, KM and Domingo, E and Jones, AM and et al.}, year={2012}, month={Dec}, pages={136–144}}
@article{Plon_2008, title={Sequence variant classification and reporting: recommendations for improving the interpretation of cancer susceptibility genetic test results}, volume={29}, number={11}, journal={Human Mutation}, author={Plon, SE and Eccles, DM and Easton, D and Foulkes, WD and Genuardi, M and et al.}, year={2008}, month={Nov}, pages={1282–1291}}
@article{Hu_2018, title={Association Between Inherited Germline Mutations in Cancer Predisposition Genes and Risk of Pancreatic Cancer}, volume={319}, number={23}, journal={JAMA}, author={Hu, C and Hart, SN and Polley, EC and Gnanaolivu, R and Shimelis, H and et al.}, year={2018}, month={Jun}, pages={2401}}
@article{Susswein_2015, title={Pathogenic and likely pathogenic variant prevalence among the first 10,000 patients referred for next-generation cancer panel testing}, volume={18}, number={8}, journal={Genetics in Medicine}, author={Susswein, LR and Marshall, ML and Nusbaum, R and Vogel Postula, KJ and Weissman, SM and et al.}, year={2015}, month={Dec}, pages={823–832}}
@article{Yurgelun_2017, title={Cancer Susceptibility Gene Mutations in Individuals With Colorectal Cancer}, volume={35}, number={10}, journal={Journal of Clinical Oncology}, author={Yurgelun, MB and Kulke, MH and Fuchs, CS and Allen, BA and Uno, H and et al.}, year={2017}, month={Apr}, pages={1086–1095}}
@article{Burnett_2012, title={Clinical utility gene card for: Abetalipoproteinaemia}, volume={20}, number={8}, journal={European Journal of Human Genetics}, author={Burnett, JR and Bell, DA and Hooper, AJ and Hegele, RA}, year={2012}, month={Feb}, pages={909–909}}
@article{Apostolou_2017, title={Current perspectives on CHEK2 mutations in breast cancer}, volume={Volume 9}, journal={Breast Cancer: Targets and Therapy}, author={Apostolou, P and Papasotiriou, I}, year={2017}, month={May}, pages={331–335}}
@article{Liu_2016b, title={Recurrent HOXB13 mutations in the Dutch population do not associate with increased breast cancer risk}, volume={6}, number={1}, journal={Scientific Reports}, author={Liu, J and Prager–van der Smissen, WJC and Schmidt, MK and Collée, JM and Cornelissen, S and et al.}, year={2016}, month={Jul}}
@article{Oudijk_2012, title={SDHA mutations in adult and pediatric wild-type gastrointestinal stromal tumors}, volume={26}, number={3}, journal={Modern Pathology}, author={Oudijk, L and Gaal, J and Korpershoek, E and van Nederveen, FH and Kelly, L and et al.}, year={2012}, month={Nov}, pages={456–463}}
@article{Olfson_2015, title={Identification of Medically Actionable Secondary Findings in the 1000 Genomes}, volume={10}, number={9}, journal={PLOS ONE}, author={Olfson, E and Cottrell, CE and Davidson, NO and Gurnett, CA and Heusel, JW and et al.}, editor={Wang, KaiEditor}, year={2015}, month={Sep}, pages={e0135193}}
@article{Braverman_2018, title={Ethical Issues in Contemporary Clinical Genetics}, volume={2}, number={2}, journal={Mayo Clinic Proceedings: Innovations, Quality \& Outcomes}, author={Braverman, G and Shapiro, ZE and Bernstein, JA}, year={2018}, month={Jun}, pages={81–90}}
@article{Andermann_2008, title={Revisting wilson and Jungner in the genomic age: a review of screening criteria over the past 40 years}, volume={86}, number={4}, journal={Bulletin of the World Health Organization}, author={Andermann, A}, year={2008}, month={Apr}, pages={317–319}}
@article{Brothers_2019, title={Reconciling Opportunistic and Population Screening in Clinical Genomics}, volume={94}, number={1}, journal={Mayo Clinic Proceedings}, author={Brothers, KB and Vassy, JL and Green, RC}, year={2019}, month={Jan}, pages={103–109}}
@misc{Erfelijk_2010,  author = {Stichting Opsporing Erfelijke Tumoren \& Vereniging Klinische Genetica Nederland},   title = {W.K.O. Erfelijke Tumoren: Richtlijnen voor Diagnostiek en Preventie},   year = {2010}
@misc{Cergentis_2018,  author = {Cergentis},   title = {Press release: Cergentis awarded Horizon 2020 grant to advance TLA-based targeted complete next generation sequencing for cancer companion diagnostics. Online\: www.cergentis.com/blog/news/cergentisawarded-horizon-2020-grant-to-advance-tla-based-targeted-complete-ngs [Accessed 20-03-2019]},   year = {2018}
@article{Liu_2018, title={Rapid high MW DNA extraction from plant, insect, cell and tissue samples for long-read sequencing using nanobind magnetic disks}, journal={Poster}, author={Liu, KJ and Kim, M and Fedak, R and Kilburn, D and Burke, JM and et al.}, year={2018}}
@article{Levy_Sakin_2019, title={Genome maps across 26 human populations reveal population-specific patterns of structural variation}, volume={10}, number={1}, journal={Nature Communications}, author={Levy-Sakin, M and Pastor, S and Mostovoy, Y and Li, L and Leung, AKY and et al.}, year={2019}}
@article{Lawrence_2016, title={Targeted Sequencing and Chromosomal Haplotype Assembly Using Cergentis TLA Technology with SMRT Sequencing}, journal={Poster. Online: https://www.pacb.com/wp-content/uploads/chromosomal-scale-targeted-haplotype-assembly-long-range-data-from-tla-smrt-sequencing.pdf Accessed 27-04-2019}, author={Lawrence, SH and Tsai, Y-C and Kujawa, S and Splinter, E and Simonis, M and et al.},year={2016}}
@article{White_2013, title={Personhood: An Essential Characteristic of the Human Species}, volume={80}, journal={The Linacre Quarterly}, author={White, FJ}, year={2013}, pages={74–97}}
@article{El_Mecky_2019, title={Managing the changing nature of genetic knowledge: Challenges in reinterpretation and reclassification for clinical laboratory geneticists}, journal={in preparation}, volume={}, pages={}, author={El Mecky, J and Johansson, LF, Plantinga, M, Fenwick, A, Dijkhuizen, T and et al.}, year={2019}}
@article{Seror_2019, title={Women’s Attitudes Toward Invasive and Noninvasive Testing When Facing a High Risk of Fetal Down Syndrome}, volume={2}, number={3}, journal={JAMA Network Open}, author={Seror, V, and L’Haridon, O and Bussières, L and Malan, V and Fries, N and et al.}, year={2019}, month={Mar}, pages={e191062}}
@article{Dove_2017, title={Beyond individualism\: Is there a place for relational autonomy in clinical practice and research?}, volume={12}, number={3}, journal={Clinical Ethics}, author={Dove, ES and Kelly, SE and Lucivero, F and Machirori, M and Dheensa, S and Prainsack, B}, year={2017}, pages={150–165}}
@article{Derbyshire_2006, title={Can fetuses feel pain?}, volume={332},  number={7546}, journal={BMJ}, publisher={BMJ}, author={Derbyshire, Stuart W G}, year={2006}, month={Apr}, pages={909–912}}



